@article{npa,
 author = {Esparza, Javier and Kiefer, Stefan and Luttenberger, Michael},
 title = {Newtonian Program Analysis},
 journal = {J. ACM},
 issue_date = {October 2010},
 volume = {57},
 number = {6},
 month = nov,
 year = {2010},
 issn = {0004-5411},
 pages = {33:1--33:47},
 articleno = {33},
 numpages = {47},
 url = {http://doi.acm.org/10.1145/1857914.1857917},
 doi = {10.1145/1857914.1857917},
 acmid = {1857917},
 publisher = {ACM},
 address = {New York, NY, USA},
 keywords = {Newton's method, interprocedural program analysis, polynomial fixed-point equations, semirings},
} 

@article{ricardo-replication,
  author    = {Yi Lin and
               Bettina Kemme and
               Ricardo Jim{\'{e}}nez{-}Peris and
               Marta Pati{\~{n}}o{-}Mart{\'{\i}}nez and
               Jos{\'{e}} Enrique Armend{\'{a}}riz{-}I{\~{n}}igo},
  title     = {Snapshot isolation and integrity constraints in replicated databases},
  journal   = {{ACM} Trans. Database Syst.},
  volume    = {34},
  number    = {2},
  year      = {2009},
  url       = {http://doi.acm.org/10.1145/1538909.1538913},
  doi       = {10.1145/1538909.1538913},
  timestamp = {Thu, 02 Jul 2009 13:10:17 +0200},
  biburl    = {http://dblp.uni-trier.de/rec/bib/journals/tods/LinKJPA09},
  bibsource = {dblp computer science bibliography, http://dblp.org}
}

@inproceedings{gsi,
  author    = {Sameh Elnikety and
               Willy Zwaenepoel and
               Fernando Pedone},
  title     = {Database Replication Using Generalized Snapshot Isolation},
  booktitle = {SRDS},
  xpages     = {73--84},
  year      = {2005},
}

@inproceedings{adya-icde,
  author    = {Atul Adya and
               Barbara Liskov and
               Patrick E. O'Neil},
  title     = {Generalized Isolation Level Definitions},
  booktitle = {{ICDE}},
  xpages     = {67--78},
  year      = {2000},
}

@inproceedings{percolator,
title = {Large-scale Incremental Processing Using Distributed Transactions and Notifications},
author  = {Daniel Peng and Frank Dabek},
year  = 2010,
booktitle = {14th USENIX Symposium on Operating Systems Design and Implementation (OSDI)}
}

@inproceedings{ricardo-si,
 author = {Serrano, D. and Patino-Martinez, M. and Jimenez-Peris, R. and Kemme, B.},
 title = {Boosting Database Replication Scalability Through Partial Replication and 1-Copy-Snapshot-Isolation},
 booktitle = {PRDC},
 year = {2007},
 xpages = {290--297},
} 

@INPROCEEDINGS{dias,
    author = {Torvald Riegel and Christof Fetzer and Pascal Felber},
    title = {Snapshot isolation for software transactional memory},
    booktitle = {Workshop on Languages, Compilers, and Hardware Support for Transactional Computing (TRANSACT)},
    year = {2006}
}

@INPROCEEDINGS{Riegel06si,
    author = {Torvald Riegel and Christof Fetzer and Pascal Felber},
    title = {Snapshot isolation for software transactional memory},
    booktitle = {Workshop on Languages, Compilers, and Hardware Support for Transactional Computing (TRANSACT)},
    year = {2006}
}

@inproceedings{BieniusaF10,
  author    = {Annette Bieniusa and
               Thomas Fuhrmann},
  title     = {Consistency in hindsight: {A} fully decentralized {STM} algorithm},
  booktitle = {IPDPS},
  year      = {2010}
}

@article{kemme,
 author = {Zellag, Kamal and Kemme, Bettina},
 title = {Consistency Anomalies in Multi-tier Architectures: Automatic Detection and Prevention},
 journal = {The VLDB Journal},
 volume = {23},
 number = {1},
 pages = {147-172},
 year = {2014}
} 

@article{fekete-dynamic,
  author    = {Michael J. Cahill and
               Uwe R{\"{o}}hm and
               Alan David Fekete},
  title     = {Serializable isolation for snapshot databases},
  journal   = {{ACM} Trans. Database Syst.},
  volume    = {34},
  number    = {4},
  year      = {2009},
}

@inproceedings{warp,
 author = {Diegues, Nuno and Romano, Paolo},
 title = {Time-warp: Lightweight Abort Minimization in Transactional Memory},
 booktitle = {PPoPP},
 year = {2014},
} 

@inproceedings{fekete-analysis,
  author    = {Sudhir Jorwekar and
               Alan Fekete and
               Krithi Ramamritham and
               S. Sudarshan},
  title     = {Automating the Detection of Snapshot Isolation Anomalies},
  booktitle = {VLDB},
  year      = {2007},
}

@inproceedings{pileus,
  author    = {Douglas B. Terry and
               Vijayan Prabhakaran and
               Ramakrishna Kotla and
               Mahesh Balakrishnan and
               Marcos K. Aguilera and
               Hussam Abu{-}Libdeh},
  title     = {Consistency-based service level agreements for cloud storage},
  booktitle = {25th ACM Symposium on Operating Systems Principles (SOSP)},
  year      = {2013},
}

@inproceedings{tm,
 author = {Herlihy, Maurice and Moss, J. Eliot B.},
 title = {Transactional Memory: Architectural Support for Lock-free Data Structures},
 booktitle = {ISCA},
 year = {1993},
} 

@inproceedings{si-tm,
 author = {Litz, Heiner and Cheriton, David and Firoozshahian, Amin and Azizi, Omid and Stevenson, John P.},
 title = {{SI-TM}: Reducing Transactional Memory Abort Rates Through Snapshot Isolation},
 booktitle = {ASPLOS},
 year = {2014},
} 

@misc{clojure,
 title = {THe {C}lojure Language: Refs and Transactions},
 howpublished = {http://clojure.org/refs}, 
}

@inproceedings{salt2,
  author    = {Chao Xie and
               Chunzhi Su and
               Cody Littley and
               Lorenzo Alvisi and
               Manos Kapritsos and
               Yang Wang},
  title     = {High-performance {ACID} via modular concurrency control},
  booktitle = {27th ACM Symposium of Operating Systems Principles (SOSP)},
  year      = {2015},
}

@inproceedings{ser-sessions,
 author = {Daudjee, Khuzaima and Salem, Kenneth},
 title = {Lazy Database Replication with Ordering Guarantees},
 booktitle = {ICDE},
 year = {2004}
} 

@inproceedings{si-sessions,
 author = {Daudjee, Khuzaima and Salem, Kenneth},
 title = {Lazy Database Replication with Snapshot Isolation},
 booktitle = {VLDB},
 year = {2006},
} 

@article{linearizability,
 author = {Herlihy, Maurice P. and Wing, Jeannette M.},
 title = {Linearizability: A Correctness Condition for Concurrent Objects},
 journal = {ACM Trans. Program. Lang. Syst.},
 volume = {12},
 number = {3},
 year = {1990},
 xpages = {463--492},
} 

@inproceedings{consistency-oblivious,
  author    = {Yehuda Afek and
               Hillel Avni and
               Nir Shavit},
  title     = {Towards Consistency Oblivious Programming},
  booktitle = {OPODIS},
  xpages     = {65--79},
  year      = {2011},
}

@inproceedings{scott-partitioning,
 author = {Xiang, Lingxiang and Scott, Michael L.},
 title = {Software Partitioning of Hardware Transactions},
 booktitle = {PPoPP},
 year = {2015},
 xpages = {76--86},
} 

@inproceedings{stmabs,
  author    = {Hagit Attiya and
               Alexey Gotsman and
               Sandeep Hans and
               Noam Rinetzky},
  title     = {A programming language perspective on transactional memory
               consistency},
  booktitle = {PODC},
  year      = {2013},
}

@inproceedings{elastic,
 author = {Felber, Pascal and Gramoli, Vincent and Guerraoui, Rachid},
 title = {Elastic Transactions},
 booktitle = {DISC},
 year = {2009},
}

@inproceedings{opacity,
  author    = {Rachid Guerraoui and
               Michal Kapalka},
  title     = {On the correctness of transactional memory},
  booktitle = {PPoPP},
  year      = {2008},
  xpages     = {175-184},
}

@article{tms,
year={2013},
journal={Formal Aspects of Computing},
volume={25},
number={5},
doi={10.1007/s00165-012-0225-8},
title={Towards formally specifying and verifying transactional memory},
author={Doherty, Simon and Groves, Lindsay and Luchangco, Victor and Moir, Mark},
xpages={769-799},
}

@article{abadi,
  author    = {Daniel Abadi},
  title     = {Consistency Tradeoffs in Modern Distributed Database System
               Design: {CAP} is Only Part of the Story},
  journal   = {IEEE Computer},
  volume    = {45},
  number    = {2},
  year      = {2012},
  xpages     = {37-42}
}

@inproceedings{hat,
 author   = {Peter Bailis and Aaron Davidson and Alan Fekete and Ali Ghodsi and Joseph M. Hellerstein and Ion Stoica},
 title    = {{Highly Available Transactions:} Virtues and Limitations},
 booktitle  = {VLDB},
 year     = {2014},
}

@article{cassandra,
 author = {Lakshman, Avinash and Malik, Prashant},
 title = {Cassandra: A Decentralized Structured Storage System},
 journal = {SIGOPS Oper. Syst. Rev.},
 volume = {44},
 number = {2},
 year = {2010},
} 

@inproceedings{txchains2,
author = {Shuai Mu and Yang Cui and Yang Zhang and Wyatt Lloyd and Jinyang Li},
title = {Extracting More Concurrency from Distributed Transactions},
booktitle = {OSDI},
year = {2014},
}

@article{adve,
  author    = {Sarita V. Adve and
               Kourosh Gharachorloo},
  title     = {Shared Memory Consistency Models: {A} Tutorial},
  journal   = {{IEEE} Computer},
  year      = {1996},
  volume    = {29},
  number    = {12},
}

@inproceedings{power,
 author = {Sarkar, Susmit and Sewell, Peter and Alglave, Jade and Maranget, Luc and Williams, Derek},
 title = {Understanding {POWER} Multiprocessors},
 booktitle = {Programming Languages Design and Implementation (PLDI)},
 year = {2011},
} 

@book{bernstein,
  author    = {Philip A. Bernstein and
               Vassos Hadzilacos and
               Nathan Goodman},
  title     = {Concurrency Control and Recovery in Database Systems},
  publisher = {Addison-Wesley},
  year      = {1987},
}

@article{papadimitriou,
  title={The serializability of concurrent database updates},
  author={C. Papadimitriou},
  journal={Journal of the ACM (JACM)},
  volume={26},
  number={4},
  pages={631--653},
  year={1979},
  publisher={ACM}
}

@inproceedings{SIGPR,
  title={On the scalability of snapshot isolation},
  author={ M. {Saeida Ardekani} and P. Sutra and M. Shapiro and N. Pregui{\c{c}}a},
  booktitle={International Conference on Parallel Processing (Euro-Par)},
  pages={369--381},
  year={2013},
  xpublisher={Springer}
}

@article{NMSItr,
  author    = {Masoud {Saeida Ardekani} and
               Pierre Sutra and
               Nuno M. Pregui{\c{c}}a and
               Marc Shapiro},
  title     = {Non-Monotonic Snapshot Isolation},
  journal   = {CoRR},
  year      = {2013},
  volume    = {abs/1306.3906},
  url       = {http://arxiv.org/abs/1306.3906},
  timestamp = {Thu, 16 Oct 2014 17:55:48 +0200},
  biburl    = {http://dblp.uni-trier.de/rec/bib/journals/corr/ArdekaniSPS13},
  bibsource = {dblp computer science bibliography, http://dblp.org}
}

@TechReport {eventualconsistency,
author       = {S. Burckhardt and A. Gotsman and H. Yang},
month        = {March},
number       = {MSR-TR-2013-39},
institution = {Microsoft Research},
title        = {Understanding Eventual Consistency},
url          = {http://research.microsoft.com/apps/pubs/default.aspx?id=189249},
year         = {2013},
}

@inproceedings{transactionchains,
 author = {Y. Zhang and R. Power and S. Zhou and Y. Sovran and M.K. Aguilera and J. Li},
 title = {Transaction Chains: Achieving Serializability with Low Latency in Geo-distributed Storage Systems},
 booktitle = {25th ACM Symposium on Operating Systems Principles (SOSP)},
 year = {2013},
} 

@article{memorymodels,
  title={A formal hierarchy of weak memory models},
  author={Alglave, Jade},
  journal={Formal Methods in System Design},
  volume={41},
  number={2},
  xpages={178--210},
  year={2012},
  publisher={Springer}
}

@inproceedings{cpp,
  title={Mathematizing C++ concurrency},
  author={Batty, Mark and Owens, Scott and Sarkar, Susmit and Sewell, Peter and Weber, Tjark},
  booktitle={ACM SIGPLAN Notices},
  volume={46},
  issue={1},
  pages={55--66},
  year={2011},
  organization={ACM}
}


@inproceedings{cousot77,
  title = {Abstract Interpretation: A Unified Lattice Model for Static Analysis of Programs by Construction or Approximation of Fixpoints},
  author = {Cousot, Patrick and Cousot, Radhia},
  booktitle = {POPL},
  year = {1977}
}
    
@InProceedings{consistency3d,
  author =	 {Marc Shapiro and Saeida Ardekani, Masoud and Gustavo
                  Petri},
  title =	 {Consistency in {3D}},
  booktitle =	 {Concur},
  year =	 {2016},
  editor =	 {Jos\'ee Desharnais and Radha Jagadeesan},
  volume =	 59,
  series =	 {Lipics},
  pages =	 {3:1--3:14},
  month =	 {August},
  address =	 {Qu{\'e}bec, Qu{\'e}bec, Canada}
}

@InProceedings{crepldatatypes,
author="Gotsman, Alexey
and Yang, Hongseok",
editor="Vitek, Jan",
title="Composite Replicated Data Types",
bookTitle="24th European Symposium on Programming (ESOP)",
year="2015",
pages="585--609",
}

@COMMENT{ev_principles,
 author = {Burckhardt, Sebastian},
 title = {Principles of Eventual Consistency},
 journal = {Foundations and Trends in Programming Languages},
 volume = {1},
 number = {1-2},
 year = {2014},
 issn = {2325-1107},
 pages = {1-150},
 numpages = {150},
 url = {http://dx.doi.org/10.1561/2500000011},
 doi = {10.1561/2500000011},
 acmid = {2693642},
 publisher = {Now Publishers Inc.},
 address = {Hanover, MA, USA},
}

@inproceedings{bouajjani_popl17,
author    = {Ahmed Bouajjani and
               Constantin Enea and
               Rachid Guerraoui and
               Jad Hamza},
  title     = {On verifying causal consistency},
  booktitle = {44th {ACM} {SIGPLAN} Symposium on Principles of
               Programming Languages (POPL)},
  pages     = {626-638},
  year      = {2017}
}

@InProceedings{vechev_popl17,
 author = {Brutschy, Lucas and Dimitrov, Dimitar and Müller, Peter and Vechev, Martin},
 title = {Serializability for Eventual Consistency: Criterion, Analysis and Applications},
 booktitle = {Proceedings of the 44th ACM SIGPLAN Symposium on Principles of Programming Languages (POPL)}, 
 year = {2017}, 
 month = {January}, 
 publisher = {ACM}
} 

@inproceedings{SRA,
  author    = {Ori Lahav and
               Nick Giannarakis and
               Viktor Vafeiadis},
  title     = {Taming release-acquire consistency},
  booktitle = {Proceedings of the 43rd Annual {ACM} {SIGPLAN-SIGACT} Symposium on
               Principles of Programming Languages, {POPL} 2016, St. Petersburg,
               FL, USA, January 20 - 22, 2016},
  pages     = {649--662},
  year      = {2016},
  url       = {http://doi.acm.org/10.1145/2837614.2837643},
  doi       = {10.1145/2837614.2837643},
  timestamp = {Wed, 09 Mar 2016 08:11:59 +0100},
  biburl    = {http://dblp.uni-trier.de/rec/bib/conf/popl/LahavGV16},
  bibsource = {dblp computer science bibliography, http://dblp.org}
}

@inproceedings{james_lics16,
  author    = {Alan Jeffrey and
               James Riely},
  title     = {On Thin Air Reads Towards an Event Structures Model of Relaxed Memory},
  booktitle = {31st ACM/IEEE Symposium on Logic in Computer
               Science (LICS)},
  pages     = {759--767},
  year      = {2016}
}

@article{cat,
  author    = {Jade Alglave and
               Luc Maranget and
               Michael Tautschnig},
  title     = {Herding Cats: Modelling, Simulation, Testing, and Data Mining for
               Weak Memory},
  journal   = {{ACM} Transactions on Programming Languages Systems},
  volume    = {36},
  number    = {2},
  pages     = {7:1--7:74},
  year      = {2014}
}

@article{kleenecomplete,
  title={A completeness theorem for Kleene algebras and the algebra of regular events},
  author={Kozen, Dexter},
  journal={Information and computation},
  volume={110},
  number={2},
  pages={366--390},
  year={1994},
  publisher={Elsevier}
}

@INPROCEEDINGS{kat,
    author = {Dexter Kozen and Frederick Smith},
    title = {Kleene Algebra with Tests: Completeness and Decidability},
    booktitle = {10th International Workshop on Computer Science Logic (CSL)},
    year = {1996},
    pages = {244--259},
    publisher = {Springer-Verlag}
}

@article{viotti,
 author = {Viotti, Paolo and Vukoli\'{c}, Marko},
 title = {Consistency in Non-Transactional Distributed Storage Systems},
 journal = {ACM Computing Surveys},
 issue_date = {2016},
 volume = {49},
 number = {1},
 year = {2016},
 issn = {0360-0300},
 pages = {19:1--19:34},
 articleno = {19},
 numpages = {34},
 url = {http://doi.acm.org/10.1145/2926965},
 doi = {10.1145/2926965},
 acmid = {2926965},
 publisher = {ACM},
 address = {New York, NY, USA},
 keywords = {Consistency, distributed storage}
} 

@inproceedings{castellan2016weak,
  title={Weak memory models using event structures},
  author={Castellan, Simon},
  booktitle={Vingt-septi{\`e}mes Journ{\'e}es Francophones des Langages Applicatifs (JFLA 2016)},
  year={2016}
}

@misc{selectisolevel,
 title = {Microsoft {SQL} Server Documentation, {SET TRANSACTION ISOLATION LEVEL}},
 howpublished = {https://docs.microsoft.com/en-us/sql/t-sql/statements/set-transaction-isolation-level-transact-sql} 
}

@inproceedings{terry1994session,
  title={Session guarantees for weakly consistent replicated data},
  author={Terry, Douglas B and Demers, Alan J and Petersen, Karin and Spreitzer, Mike J and Theimer, Marvin M and Welch, Brent B},
  booktitle={3rd International Conference on Parallel and Distributed Information Systems (PDIS)},
  pages={140--149},
  year={1994},
  organization={IEEE}
}

@misc{ext, 
  author = {Cerone, Andrea},
  title={More Algebraic Laws for Weak Consistency (Extended Version)}, 
  note = {}
 }
 
 @inproceedings{jade_stability,
  author    = {Jade Alglave and
               Luc Maranget},
  title     = {Stability in Weak Memory Models},
  booktitle = {International Confence on Computer Aided Verification (CAV)},
  pages     = {50--66},
  year      = {2011}
}

@inproceedings{TSOrobust,
  author    = {Ahmed Bouajjani and
               Egor Derevenetc and
               Roland Meyer},
  title     = {Checking and Enforcing Robustness against {TSO}},
  booktitle = {23rd European Symposium on Programming (ESOP)},
  pages     = {533-553},
  year      = {2013}
}

@article{jade_fenceinsertion,
  author    = {Jade Alglave and
               Daniel Kroening and
               Vincent Nimal and
               Daniel Poetzl},
  title     = {Don't Sit on the Fence: {A} Static Analysis Approach to Automatic
               Fence Insertion},
  journal   = {{ACM} Transactions on Programming Languages Systems},
  volume    = {39},
  number    = {2},
  pages     = {6:1--6:38},
  year      = {2017}
  }
  





@inproceedings{physicsnmsi,
 author = {Tomsic, Alejandro Z. and Crain, Tyler and Shapiro, Marc},
 title = {PhysiCS-NMSI: Efficient Consistent Snapshots for Scalable Snapshot Isolation},
 booktitle = {Proceedings of the 2Nd Workshop on the Principles and Practice of Consistency for Distributed Data},
 series = {PaPoC '16},
 year = {2016},
 isbn = {978-1-4503-4296-4},
 location = {London, United Kingdom},
 pages = {4:1--4:4},
 articleno = {4},
 numpages = {4},
 url = {http://doi.acm.org/10.1145/2911151.2911166},
 doi = {10.1145/2911151.2911166},
 acmid = {2911166},
 publisher = {ACM},
 address = {New York, NY, USA}
} 


