@STRING{ jan = "January" }
@STRING{ feb = "February" }
@STRING{ mar = "March" }
@STRING{ apr = "April" }
@STRING{ may = "May" }
@STRING{ jun = "June" }
@STRING{ jul = "July" }
@STRING{ aug = "August" }
@STRING{ sep = "September" }
@STRING{ oct = "October" }
@STRING{ nov = "November" }
@STRING{ dec = "December" }

@STRING{ ESOP    = " European Symposium on Programming"}
@STRING{ POPL    = " Annual {ACM} {SIGPLAN}-{SIGACT} Symposium on Principles of Programming Languages"}
@STRING{ OOPSLA  = " {ACM} {SIGPLAN} International Conference on Object Oriented Programming, Systems, Languages, and Applications"}
@STRING{ PLDI    = " {ACM} {SIGPLAN} International Conference on Programming Language Design and Implementation"}
@STRING{ ICFP    = " {ACM} {SIGPLAN} International Conference on Functional Programming"}
@STRING{ ECOOP   = " European Conference on Object-Oriented Programming"}
@STRING{ LICS    = " Annual {IEEE} Symposium on Logic in Computer Science"}
@STRING{ CONCUR  = " International Conference on Concurrency Theory"}
@STRING{ PODC    = " {ACM} {SIGACT}-{SIGOPS} Symposium on Principles of Distributed Computing"}
@STRING{ CAV     = " International Conference on Computer-Aided Verification"}
@STRING{ SEFM    = " International Conference on Software Engineering and Formal Methods"}
@STRING{ FMCO    = " International Symposium on Formal Methods for Components and Objects"}
@STRING{ DISC    = " The International Symposium on Distributed Computing"}
@STRING{ OPODIS  = " International Conference on Principles of Distributed Systems"}
@STRING{ SPAA    = " Annual ACM Symposium on Parallelism in Algorithms and Architectures"}
@STRING{ SIROCCO = " International Conference on Structural Information and Communication Complexity"}
@STRING{ ISPDC   = " International Symposium on Parallel and Distributed Computing"}
@STRING{ SOSP    = " {ACM} Symposium on Operating Systems Principles"}
@STRING{ VSTTE   = " International Conference on Verified Software: Theories, Tools, and Experiments"}
@STRING{ SIGMOD  = " {ACM} {SIGMOD} International Conference on Management of Data"}
@STRING{ FCT     = " Symposium on Fundamentals of Computation Theory was established"}
@STRING{ SAS     = " International Conference on Static Analysis"}
@STRING{ AMAST   = " International Conference on Algebraic Methodology and Software Technoly"}
@STRING{ OSDI    = " Symposium on Operating Systems Design and Implementation"}
@STRING{ PDP     = " Euromicro International Conference on Parallel, Distributed, and Network-Based Processing"}
@STRING{ ICDE    = " International Conference on Data Engineering"}


@inproceedings{eventually-consistent-transactions,
  author      = {Burckhardt, Sebastian and Fahndrich, Manuel and Leijen, Daan and Sagiv, Mooly},
  title       = {{Eventually Consistent Transactions}},
  booktitle   = {Proceedings of the 21\textsuperscript{nd}} # ESOP,
  year        = {2012},
  month       = mar,
  publisher   = {Springer}
}

@article{10.1109/MC.2012.37,
  author      = {Eric Brewer},
  journal     = {Computer},
  number      = {2},
  pages       = {23-29},
  title       = {{CAP Twelve Years Later: How the ``Rules'' Have Changed}},
  volume      = {45},
  year        = {2012}
}

@inproceedings{2000:GIL:846219.847380,
  booktitle   = {Proceedings of the 16\textsuperscrip{th}} # ICDE,
  pages       = {67--},
  publisher   = {IEEE Computer Society},
  series      = {ICDE '00},
  title       = {{Generalized Isolation Level Definitions}},
  year        = {2000}
}

@article{Ahamad94causalmemory,
  author      = {Ahamad, Mustaque and Neiger, Gil and Burns, James E. and Kohli, Prince and Hutto, PhillipW.},
  journal     = {Distributed Computing},
  number      = {1},
  pages       = {37-49},
  title       = {{Causal Memory: Definitions, Implementation, and Programming}},
  volume      = {9},
  year        = {1995}
}

@inproceedings{amighi2014formal,
  author      = {Amighi, Afshin and Blom, Stefan and Huisman, Marieke and Mostowski, Wojciech and Zaharieva-Stojanovski, Marina},
  title       = {{Formal Specifications for Java's Synchronisation Classes}},
  booktitle   = {Proceedings of the 22\textsuperscript{nd} } # PDP,
  series      = {PDP '14},
  year        = {2014},
  pages       = {725--733},
  doi         = {10.1109/PDP.2014.31},
  publisher   = {IEEE Computer Society}
}

@inproceedings{Attiya:2010:SVS:1706299.1706305,
  author      = {Attiya, H. and Ramalingam, G. and Rinetzky, N.},
  booktitle   = {Proceedings of the 37\textsuperscript{th}} # POPL,
  pages       = {31--42},
  publisher   = {ACM},
  series      = {POPL '10},
  title       = {{Sequential Verification of Serializability}},
  year        = {2010}
}

@inproceedings{Bailis:2013:BCC:2463676.2465279,
  author      = {Bailis, Peter and Ghodsi, Ali and Hellerstein, Joseph M. and Stoica, Ion},
  booktitle   = {Proceedings of the 2013} # SIGMOD,
  pages       = {761--772},
  publisher   = {ACM},
  series      = {SIGMOD '13},
  title       = {{Bolt-on Causal Consistency}},
  year        = {2013}
}

@inproceedings{Berdine05smallfoot:modular,
  author      = {Josh Berdine and Cristiano Calcagno and Peter W. O'hearn},
  booktitle   = {Proceedings of 4\textsuperscript{th}} # FMCO,
  pages       = {115--137},
  publisher   = {Springer},
  title       = {{Smallfoot: Modular Automatic Assertion Checking with Separation Logic}},
  year        = {2005}
}

@article{Berenson:1995:CAS:568271.223785,
  author      = {Berenson, Hal and Bernstein, Phil and Gray, Jim and Melton, Jim and O'Neil, Elizabeth and O'Neil, Patrick},
  journal     = {SIGMOD Rec.},
  month       = may,
  number      = {2},
  pages       = {1--10},
  title       = {{A Critique of ANSI SQL Isolation Levels}},
  volume      = {24},
  year        = {1995}
}

@article{Blelloch:1996:PPA:227234.227246,
  author      = {Blelloch, Guy E.},
  journal     = {Commun. ACM},
  month       = mar,
  number      = {3},
  pages       = {85--97},
  title       = {{Mrogramming Parallel Algorithms}},
  volume      = {39},
  year        = {1996}
}

@inproceedings{Bornat:2005:PAS:1040305.1040327,
  author      = {Bornat, Richard and Calcagno, Cristiano and O'Hearn, Peter and Parkinson, Matthew},
  booktitle   = {Proceedings of the 32\textsuperscript{nd}} # POPL,
  pages       = {259--270},
  publisher   = {ACM},
  series      = {POPL '05},
  title       = {{Permission Accounting in Separation Logic}},
  year        = {2005}
}

@article{Bornat:2006:VRS:1706629.1706801,
  author      = {Bornat, Richard and Calcagno, Cristiano and Yang, Hongseok},
  journal     = {Electron. Notes Theor. Comput. Sci.},
  month       = may,
  pages       = {247--276},
  title       = {{Variables As Resource in Separation Logic}},
  volume      = {155},
  year        = {2006}
}

@inproceedings{Boyland:2003:CIF:1760267.1760273,
  author      = {Boyland, John},
  booktitle   = {Proceedings of the 10\textsuperscript{th}} # SAS,
  pages       = {55--72},
  publisher   = {Springer-Verlag},
  series      = {SAS '03},
  title       = {{Checking Interference with Fractional Permissions}},
  year        = {2003}
}

@article{Brookes:2007:SCS:1235896.1236120,
  author      = {Brookes, Stephen},
  journal     = {Theor. Comput. Sci.},
  month       = apr,
  number      = {1-3},
  pages       = {227--270},
  title       = {{A Semantics for Concurrent Separation Logic}},
  volume      = {375},
  year        = {2007}
}

@inproceedings{Burckhardt:2014:RDT:2535838.2535848,
  author      = {Burckhardt, Sebastian and Gotsman, Alexey and Yang, Hongseok and Zawirski, Marek},
  booktitle   = {Proceedings of the 41\textsuperscript{st}} #POPL,
  pages       = {271--284},
  publisher   = {ACM},
  series      = {POPL '14},
  title       = {{Replicated Data Types: Specification, Verification, Optimality}},
  year        = {2014}
}

@inproceedings{Calcagno:2007:LAA:1270399.1271718,
  author      = {Calcagno, Cristiano and O'Hearn, Peter W. and Yang, Hongseok},
  booktitle   = {Proceedings of the 22\textsuperscript{nd}} # LICS,
  pages       = {366--378},
  publisher   = {IEEE Computer Society},
  series      = {LICS '07},
  title       = {{Local Action and Abstract Separation Logic}},
  year        = {2007}
}

@inproceedings{Calcagno:2009:CSA:1480881.1480917,
  author      = {Calcagno, Cristiano and Distefano, Dino and O'Hearn, Peter and Yang, Hongseok},
  booktitle   = {Proceedings of the 36\textsuperscript{th}} # POPL,
  pages       = {289--300},
  publisher   = {ACM},
  series      = {POPL '09},
  title       = {{Compositional Shape Analysis by Means of Bi-abduction}},
  doi         = {10.1145/2049697.2049700},
  year        = {2009},
  shale_note  = {technique used by infer tool}
}

@misc{cap_dynamo_bigtable,
  url         = {http://www.slideshare.net/GrishaWeintraub/cap-28353551},
  title       = {{Dynamo and BigTable in light of the CAP theorem}}
}

@inproceedings{cerone_et_al:LIPIcs:2015:5375,
  author      = {Andrea Cerone and Giovanni Bernardi and Alexey Gotsman},
  booktitle   = {Proceedings of the 26\textsuperscript{th}} # CONCUR,
  editor      = {Luca Aceto and David de Frutos Escrig},
  pages       = {58--71},
  publisher   = {Schloss Dagstuhl--Leibniz-Zentrum fuer Informatik},
  series      = {Leibniz International Proceedings in Informatics (LIPIcs)},
  title       = {{A Framework for Transactional Consistency Models with Atomic Visibility}},
  volume      = {42},
  year        = {2015}
}

@article{Chandra:1996:UFD:226643.226647,
  author      = {Chandra, Tushar Deepak and Toueg, Sam},
  journal     = {J. ACM},
  month       = mar,
  number      = {2},
  pages       = {225--267},
  title       = {{Unreliable Failure Detectors for Reliable Distributed Systems}},
  volume      = {43},
  year        = {1996}
}

@inproceedings{Chang:2006:BDS:1267308.1267323,
  author      = {Chang, Fay and Dean, Jeffrey and Ghemawat, Sanjay and Hsieh, Wilson C. and Wallach, Deborah A. and Burrows, Mike and Chandra, Tushar and Fikes, Andrew and Gruber, Robert E.},
  booktitle   = {Proceedings of the 7\textsuperscript{th}} # OSDI,
  pages       = {15--15},
  volume      = {7},
  publisher   = {USENIX Association},
  series      = {OSDI '06},
  title       = {{Bigtable: A Distributed Storage System for Structured Data}},
  year        = {2006}
}

@article{Comer:1979:UB:356770.356776,
  author      = {Comer, Douglas},
  journal     = {ACM Comput. Surv.},
  month       = jun,
  number      = {2},
  pages       = {121--137},
  title       = {{Ubiquitous B-Tree}},
  volume      = {11},
  year        = {1979}
}

@misc{concurrentskiplist,
  author      = {Lea, Doug},
  title       = {{\url{ConcurrentSkipListMap} in Java}}
}

@inproceedings{conf/cav/Vafeiadis10,
  author      = {Vafeiadis, Viktor},
  booktitle   = {Proceedings of the 22\textsuperscript{nd}} # CAV,
  editor      = {Touili, Tayssir and Cook, Byron and Jackson, Paul},
  series      = {CAV '10},
  pages       = {450-464},
  publisher   = {Springer-Verlag},
  title       = {{Automatically Proving Linearizability}},
  volume      = {6174},
  year        = {2010},
  doi         = {10.1007/978-3-642-14295-6_40}
}

@inproceedings{conf/ifip/Jones83,
  author      = {Jones, C. B.},
  title       = {{Specification and Design of (Parallel) Programs}},
  booktitle   = {Proceedings of IFIP'83},
  year        = {1983},
  pages       = {321--332},
  publisher   = {North-Holland},
  shale_note  = {Rely/Guarantee}
}

@inproceedings{conf/oopsla/PintoDDGW11,
  author      = {{da Rocha Pinto}, Pedro and Dinsdale-Young, Thomas and Dodds, Mike and Gardner, Philippa and Wheelhouse, Mark J.},
  booktitle   = {Proceedings of the 2011} # OOPSLA,
  series      = {OOPSLA '11},
  editor      = {Lopes, Cristina Videira and Fisher, Kathleen},
  pages       = {845-864},
  publisher   = {ACM},
  title       = {{A Simple Abstraction for Complex Concurrent Indexes}},
  year        = {2011},
  doi         = {10.1145/2048066.2048131},
}

@inproceedings{conf/oopsla/VafeiadisN13,
  author      = {Vafeiadis, Viktor and Narayan, Chinmay},
  title       = {{Relaxed Separation Logic: A Program Logic for C11 Concurrency}},
  booktitle   = {Proceedings of the 2013} # OOPSLA,
  series      = {OOPSLA '13},
  year        = {2013},
  pages       = {867--884},
  doi         = {10.1145/2509136.2509532},
  publisher   = {ACM},
  shale_note  = { concurrency, separation logic, weak memory models, prove against axiomatic semantics}
} 

@inproceedings{conf/popl/BrookesOR14,
  author      = {Brookes, Stephen and O'Hearn, Peter W. and Reddy, Uday},
  title       = {The Essence of Reynolds},
  booktitle   = {Proceedings of the 41\textsuperscript{st}} # POPL,
  series      = {POPL '14},
  year        = {2014},
  pages       = {251--255},
  doi         = {10.1145/2535838.2537851},
  publisher   = {ACM}
} 

@book{Coulouris:2011:DSC:2029110,
  address     = {USA},
  author      = {Coulouris, George and Dollimore, Jean and Kindberg, Tim and Blair, Gordon},
  edition     = {5th},
  isbn        = {0132143011, 9780132143011},
  publisher   = {Addison-Wesley Publishing Company},
  title       = {{Distributed Systems: Concepts and Design}},
  year        = {2011}
}

@inproceedings{daRochaPinto2016,
  author      = {{da Rocha Pinto}, Pedro and Dinsdale-Young, Thomas and Gardner, Philippa and Sutherland, Julian},
  title       = {{Modular Termination Verification for Non-blocking Concurrency}},
  booktitle   = {Proceedings of the 25\textsuperscript{th}} # ESOP,
  year        = {2016},
  editor      = {Thiemann, Peter},
  volume      = {9632},
  series      = {Lecture Notes in Computer Science},
  pages       = {176--201},
  month       = apr,
  publisher   = {Springer},
  doi         = {10.1007/978-3-662-49498-1_8}
}       

@inproceedings{DBLP:conf/esop/SergeyNB15,
  author      = {Sergey, Ilya and Nanevski, Aleksandar and Banerjee, Anindya},
  title       = {Specifying and Verifying Concurrent Algorithms with Histories and Subjectivity},
  booktitle   = {Proceedings of the 24\textsuperscript{th}} # ESOP,
  year        = {2015},
  pages       = {333--358},
  volume      = {9032},
  series      = {Lecture Notes in Computer Science},
  doi         = {10.1007/978-3-662-46669-8_14},
  publisher   = {Springer-Verlag},
  shale_note  = {FCSL, atomicity by history, more example, speculation}
}

@inproceedings{blom2015history,
  title       = {{History-based Verification of Functional Behaviour of Concurrent Programs}},
  author      = {Blom, Stefan and Huisman, Marieke and Zaharieva-Stojanovski, Marina},
  booktitle   = {Proceedings of the 13\textsuperscript{th}} # SEFM,
  series      = {LNCS},
  pages       = {84--98},
  year        = {2015},
  doi         = "10.1007/978-3-319-22969-0_6"
}

@book{jacobs1998reasoning,
  title       = {{Reasoning about Java Classes: Preliminary Report}},
  author      = {Jacobs, Bart and Van Den Berg, Joachim and Huisman, Marieke and van Berkum, Martijn and Hensel, Ulrich and Tews, Hendrik},
  volume      = {33},
  number      = {10},
  year        = {1998},
  publisher   = {ACM}
}

@article{DBLP:journals/corr/DongolD14,
  author      = {Brijesh Dongol and John Derrick},
  journal     = {CoRR},
  title       = {{Verifying linearizability: {A} comparative survey}},
  volume      = {abs/1410.6268},
  year        = {2014}
}

@article{Dean:2008:MSD:1327452.1327492,
  author      = {Dean, Jeffrey and Ghemawat, Sanjay},
  journal     = {Commun. ACM},
  month       = jan,
  number      = {1},
  pages       = {107--113},
  title       = {{MapReduce: Simplified Data Processing on Large Clusters}},
  volume      = {51},
  year        = {2008}
}

@article{DeCandia:2007:DAH:1323293.1294281,
  author      = {DeCandia, Giuseppe and Hastorun, Deniz and Jampani, Madan and Kakulapati, Gunavardhan and Lakshman, Avinash and Pilchin, Alex and Sivasubramanian, Swaminathan and Vosshall, Peter and Vogels, Werner},
  journal     = {SIGOPS Oper. Syst. Rev.},
  month       = oct,
  number      = {6},
  pages       = {205--220},
  title       = {{Dynamo: Amazon's Highly Available Key-value Store}},
  volume      = {41},
  year        = {2007}
}

@misc{aws-web,
  title       = {{Amazon Web Service Document}},
  year        = {2017},
  month       = {},
  url         = {https://aws.amazon.com/documentation/}
}

@inproceedings{Dinsdale-Young:2010:CAP:1883978.1884012,
  author      = {Dinsdale-Young, Thomas and Dodds, Mike and Gardner, Philippa and Parkinson, Matthew J. and Vafeiadis, Viktor},
  booktitle   = {Proceedings of the 24\textsuperscript{th}} # ECOOP,
  pages       = {504--528},
  publisher   = {Springer-Verlag},
  series      = {ECOOP '10},
  title       = {{Concurrent Abstract Predicates}},
  year        = {2010},
  doi         = {10.1007/978-3-642-14107-2_24},
  shale_note  = {CAP Logic, data abstraction, concurrency}
}

@inproceedings{Parkinson:2005:SLA:1040305.1040326,
  author      = {Parkinson, Matthew and Bierman, Gavin},
  title       = {{Separation Logic and Abstraction}},
  booktitle   = {Proceedings of the 32\textsuperscript{nd}} # POPL,
  series      = {POPL '05},
  year        = {2005},
  pages       = {247--258},
  numpages    = {12},
  doi         = {10.1145/1040305.1040326},
  publisher   = {ACM},
  shale_note  = {only data abstraction}
} 


@inproceedings{view,
  author      = {Dinsdale{-}Young, Thomas and Birkedal, Lars and Gardner, Philippa and Parkinson, Matthew J. and Yang, Hongseok},
  title       = {{Views: Compositional Reasoning for Concurrent Programs}},
  booktitle   = {Proceedings of the 40\textsuperscript{th}} # POPL,
  year        = {2013},
  editor      = {Giacobazzi, Roberto and Cousot, Radhia},
  pages       = {287--300},
  publisher   = {{ACM}},
  doi         = {10.1145/2429069.2429104}
}  

@inproceedings{haack2008cite,
  title       = {{Separation Logic Contracts for a Java-like Language with Fork/Join}},
  author      = {Haack, Christian and Hurlin, Cl{\'e}ment},
  booktitle   = {Proceedings of the 12\textsuperscript{th}} # AMAST,
  series      = {AMAST 2008},
  doi         = {10.1007/978-3-540-79980-1_16},
  publisher   = {Springer-Verlag},
  pages       = {199--215},
  year        = {2008}
}

@inproceedings{Dodds:12595261,
  author      = {Dodds, Mike and Feng, Xinyu and Parkinson, Matthew and Vafeiadis, Viktor},
  booktitle   = {Proceedings of the 18\textsuperscript{th}} # ESOP,
  pages       = {363--377},
  publisher   = {Springer-Verlag},
  series      = {ESOP '09},
  title       = {{Deny-Guarantee Reasoning}},
  year        = {2009}
}

@inproceedings{export:137763,
  author      = {Calcagno, Cristiano and Parkinson, Matthew and Vafeiadis, Viktor},
  title       = {{Modular Safety Checking for Fine-grained Concurrency}},
  booktitle   = {Proceedings of the 14\textsuperscript{th}} # SAS,
  series      = {SAS '07},
  year        = {2007},
  pages       = {233--248},
  publisher   = {Springer-Verlag}
} 

@inproceedings{export:144848,
  author      = {Josh Berdine and Byron Cook and Samin Ishtiaq},
  booktitle   = {Proceedings of the 23\textsuperscript{rd}} # CAV,
  title       = {{SLAyer: Memory Safety for Systems-level Code}},
  publisher   = {Springer-Verlag},
  year        = {2011}
}

@inproceedings{export:158085,
  author      = {Sebastian Burckhardt and Manuel Fahndrich and Daan Leijen and Mooly Sagiv},
  booktitle   = {Proceedings of the 22\textsuperscript{nd}} # ESOP,
  month       = mar,
  publisher   = {Springer},
  title       = {{Eventually Consistent Transactions}},
  year        = {2012}
}

@misc{facebook:infer,
  url         = {http://fbinfer.com},
  title       = {{Infer}},
  year        = {2017},
  month       = {}
}

@inproceedings{Fischer:1983:CPU:647891.739594,
  author      = {Fischer, Michael J.},
  booktitle   = {Proceedings of the 4\textsuperscript{th}} # FCT,
  pages       = {127--140},
  publisher   = {Springer-Verlag},
  title       = {{The Consensus Problem in Unreliable Distributed Systems (A Brief Survey)}},
  year        = {1983}
}

@article{floyd-meaning,
  author      = {Floyd, R. W.},
  journal     = {Mathematical aspects of computer science},
  number      = {19-32},
  pages       = {1},
  title       = {{Assigning meanings to programs}},
  volume      = {19},
  year        = {1967}
}

@inproceedings{Ghemawat:2003:GFS:945445.945450,
  author      = {Ghemawat, Sanjay and Gobioff, Howard and Leung, Shun-Tak},
  booktitle   = {Proceedings of the 19\textsuperscript{th}} # SOSP,
  pages       = {29--43},
  publisher   = {ACM},
  series      = {SOSP '03},
  title       = {{The Google File System}},
  year        = {2003}
}

@article{Gilbert:2002:BCF:564585.564601,
  author      = {Gilbert, Seth and Lynch, Nancy},
  journal     = {SIGACT News},
  month       = jun,
  number      = {2},
  pages       = {51--59},
  title       = {{Brewer's Conjecture and the Feasibility of Consistent, Available, Partition-tolerant Web Services}},
  volume      = {33},
  year        = {2002}
}

@article{acid,
  author      = {Haerder, Theo and Reuter, Andreas},
  journal     = {ACM Comput. Surv.},
  month       = dec,
  number      = {4},
  pages       = {287--317},
  title       = {{Principles of Transaction-oriented Database Recovery}},
  volume      = {15},
  doi         = {10.1145/289.291},
  publisher   = {ACM},
  year        = {1983},
  shale_note  = {Database ACID property}
}
@book{Bernstein:1987:CCR:12518,
  author      = {Bernstein, Philip A. and Hadzilacos, Vassco and Goodman, Nathan},
  title       = {{Concurrency Control and Recovery in Database Systems}},
  year        = {1987},
  publisher   = {Addison-Wesley Longman Publishing Co., Inc.},
  address     = {Boston, MA, USA},
  shale_note  = {Serialisibility, sequential consistency}
} 

@inproceedings{Berenson:1995:CAS:223784.223785,
  author      = {Berenson, Hal and Bernstein, Phil and Gray, Jim and Melton, Jim and O'Neil, Elizabeth and O'Neil, Patrick},
  title       = {{A Critique of ANSI SQL Isolation Levels}},
  booktitle   = {Proceedings of the 1995} # SIGMOD,
  series      = {SIGMOD '95},
  year        = {1995},
  pages       = {1--10},
  doi         = {10.1145/223784.223785},
  publisher   = {ACM},
  shale_note  = {Database isolation level, consistency model, snapshot}
} 

@inproceedings{Cerone:snapshot,
  author      = {Cerone, Andrea and Gotsman, Alexey},
  title       = {{Analysing Snapshot Isolation}},
  booktitle   = {Proceedings of the 2016} # PODC,
  series      = {PODC '16},
  year        = {2016},
  pages       = {55--64},
  doi         = {10.1145/2933057.2933096},
  publisher   = {ACM},
  shale_note  = {axiomatic definition for snapshot isolation}
} 

@article{Fekete:2005:MSI:1071610.1071615,
  author      = {Fekete, Alan and Liarokapis, Dimitrios and O'Neil, Elizabeth and O'Neil, Patrick and Shasha, Dennis},
  title       = {{Making Snapshot Isolation Serializable}},
  journal     = {ACM Trans. Database Syst.},
  volume      = {30},
  number      = {2},
  month       = jun,
  year        = {2005},
  pages       = {492--528},
  doi         = {10.1145/1071610.1071615},
  publisher   = {ACM},
  shale_note  = {snapshot Isolation}
} 

@article{Gilbert:2002:BCF:564585.564601,
  author      = {Gilbert, Seth and Lynch, Nancy},
  title       = {{Brewer's Conjecture and the Feasibility of Consistent, Available, Partition-tolerant Web Services}},
  journal     = {SIGACT News},
  volume      = {33},
  number      = {2},
  month       = jun,
  year        = {2002},
  pages       = {51--59},
  doi         = {10.1145/564585.564601},
  publisher   = {ACM},
  address     = {New York, NY, USA},
  shale_note  = {CAP theorem for distributed systems}
} 

@article{Ahamad1995,
  author      = {Ahamad, Mustaque and Neiger, Gil and Burns, James E.  and Kohli, Prince and Hutto, Phillip W.},
  title       = {Causal Memory: Definitions, Implementation, and Programming},
  journal     = {Distributed Computing},
  year        = {1995},
  month       = mar,
  volume      = {9},
  number      = {1},
  pages       = {37--49},
  doi         = {10.1007/BF01784241},
  shale_note  = {causal consistency}
}
    

@article{Lamport:1979:MMC:1311099.1311750,
  author      = {Lamport, L.},
  title       = {{How to Make a Multiprocessor Computer That Correctly Executes Multiprocess Programs}},
  journal     = {IEEE Trans. Comput.},
  volume      = {28},
  number      = {9},
  month       = sep,
  year        = {1979},
  pages       = {690--691},
  doi         = {10.1109/TC.1979.1675439},
  publisher   = {IEEE Computer Society},
  shale_note  = {sequential consistency}
} 


@inproceedings{Harris:2001:PIN:645958.676105,
  author      = {Harris, Timothy L.},
  booktitle   = {Proceedings of the 15\textsuperscript{th}} # DISC,
  pages       = {300--314},
  publisher   = {Springer-Verlag},
  series      = {DISC '01},
  title       = {{A Pragmatic Implementation of Non-blocking Linked-Lists}},
  year        = {2001}
}

@inproceedings{Heller:2005:LCL:2164210.2164216,
  author      = {Heller, Steve and Herlihy, Maurice and Luchangco, Victor and Moir, Mark and Scherer, William N. and Shavit, Nir},
  booktitle   = {Proceedings of the 9\textsuperscript{th}} # OPODIS,
  pages       = {3--16},
  publisher   = {Springer-Verlag},
  series      = {OPODIS'05},
  title       = {{A Lazy Concurrent List-based Set Algorithm}},
  year        = {2006}
}

@inproceedings{HemedRV15Exchanger,
  author      = {Nir Hemed and Noam Rinetzky and Viktor Vafeiadis},
  booktitle   = {Proceedings of the 29\textsuperscript{th}} # DISC,
  editor      = {Yoram Moses},
  pages       = {371--387},
  publisher   = {Springer},
  series      = {Lecture Notes in Computer Science},
  title       = {{Modular Verification of Concurrency-Aware Linearizability}},
  volume      = {9363},
  year        = {2015}
}

@inproceedings{Hendler:2004:SLS:1007912.1007944,
  author      = {Hendler, Danny and Shavit, Nir and Yerushalmi, Lena},
  booktitle   = {Proceedings of the 16\textsuperscript{th}} # SPAA,
  pages       = {206--215},
  publisher   = {ACM},
  series      = {SPAA '04},
  title       = {{A Scalable Lock-free Stack Algorithm}},
  year        = {2004}
}

@article{Herlihy:1990:LCC:78969.78972,
  author      = {Herlihy, Maurice P. and Wing, Jeannette M.},
  journal     = {ACM Trans. Program. Lang. Syst.},
  month       = jul,
  number      = {3},
  pages       = {463--492},
  title       = {{Linearizability: A Correctness Condition for Concurrent Objects}},
  volume      = {12},
  year        = {1990}
}

@inproceedings{Herlihy:2007:SOS:1760631.1760646,
  author      = {Herlihy, Maurice and Lev, Yossi and Luchangco, Victor and Shavit, Nir},
  booktitle   = {Proceedings of the 14\textsuperscript{th}} # SIROCCO,
  pages       = {124--138},
  publisher   = {Springer-Verlag},
  series      = {SIROCCO '07},
  title       = {{A Simple Optimistic Skiplist Algorithm}},
  year        = {2007}
}

@article{Hoare:1969:ABC:363235.363259,
  author      = {Hoare, C. A. R.},
  title       = {{An Axiomatic Basis for Computer Programming}},
  journal     = {Commun. ACM},
  volume      = {12},
  number      = {10},
  month       = oct,
  year        = {1969},
  pages       = {576--580},
  doi         = {10.1145/363235.363259},
  publisher   = {ACM},
  shale_note  = {Hoare Logic}
} 

@inproceedings{HuismanM15Locks,
  author      = {Marieke Huisman and Wojciech Mostowski},
  booktitle   = {Proceedings of the 14\textsuperscript{th}} # ISPDC,
  editor      = {Daniel Grosu and Hai Jin and George Papadopoulos},
  pages       = {165--174},
  publisher   = {IEEE},
  title       = {{A Symbolic Approach to Permission Accounting for Concurrent Reasoning}},
  year        = {2015}
}

@inproceedings{Ishtiaq:2001:BAL:360204.375719,
  author      = {O'Hearn, Peter W. and Ishtiaq, Samin S.},
  booktitle   = {Proceedings of the 28\textsuperscript{th}} # POPL,
  pages       = {14--26},
  publisher   = {ACM},
  series      = {POPL '01},
  title       = {{BI As an Assertion Language for Mutable Data Structures}},
  year        = {2001},
  doi         = {10.1145/360204.375719},
  shale_note  = {Separation Logic}
}

@misc{java-specification-for-concurrentmap,
  author      = {Java},
  url         = {https://docs.oracle.com/javase/8/docs/api/java/util/concurrent/ConcurrentMap.html},
  title       = {{Java English Specification for Concurrent Map}}
}

@incollection{Jones:2003:WCA:766951.766953,
  address     = {New York, NY, USA},
  author      = {Jones, C. B.},
  booktitle   = {Programming Methodology},
  editor      = {McIver, Annabelle and Morgan, Carroll},
  pages       = {5--15},
  publisher   = {Springer-Verlag New York, Inc.},
  title       = {{Wanted: A Compositional Approach to Concurrency}},
  year        = {2003}
}

@inproceedings{Jung:2015:IMI:2676726.2676980,
  author      = {Jung, Ralf and Swasey, David and Sieczkowski, Filip and Svendsen, Kasper and Turon, Aaron and Birkedal, Lars and Dreyer, Derek},
  booktitle   = {Proceedings of the 42\textsuperscript{nd}} # POPL,
  pages       = {637--650},
  publisher   = {ACM},
  series      = {POPL '15},
  title       = {{I, atomicity, abstractionris: Monoids and Invariants As an Orthogonal Basis for Concurrent Reasoning}},
  year        = {2015},
  doi         = {10.1145/2676726.2676980},
  shale_note  = {Iris, high order, atomicity, abstraction}
}

@phdthesis{KeirFraserThesis,
  author      = {Fraser, Keir},
  month       = feb,
  school      = {University of Cambridge},
  title       = {{Practical lock-freedom}},
  year        = {2004}
}

@inproceedings{Koskinen:2015:PMT:2737924.2737995,
  author      = {Koskinen, Eric and Parkinson, Matthew},
  booktitle   = {Proceedings of the 36\textsuperscript{th}} # POPL,
  pages       = {186--195},
  publisher   = {ACM},
  series      = {PLDI '15},
  title       = {{The Push/Pull Model of Transactions}},
  year        = {2015}
}

@article{Kung:1980:CMB:320613.320619,
  author      = {Kung, H. T. and Lehman, Philip L.},
  journal     = {ACM Trans. Database Syst.},
  month       = sep,
  number      = {3},
  pages       = {354--382},
  title       = {{Concurrent Manipulation of Binary Search Trees}},
  volume      = {5},
  year        = {1980}
}

@inproceedings{turon2013,
  author      = {Turon, Aaron and Dreyer, Derek and Birkedal, Lars},
  title       = {{Unifying Refinement and Hoare-style Reasoning in a Logic for Higher-order Concurrency}},
  booktitle   = {Proceedings of The 18\textsuperscript{th}} #POPL,
  year        = {2013},
  series      = {ICFP '13},
  doi         = {10.1145/2500365.2500600},
  pages       = {377--390},
  shale_note  = {the original of atomicity using high order}
}


@article{Lamport:1978:TCO:359545.359563,
  author      = {Lamport, Leslie},
  journal     = {Commun. ACM},
  month       = jul,
  number      = {7},
  pages       = {558--565},
  title       = {{Time, Clocks, and the Ordering of Events in a Distributed System}},
  volume      = {21},
  year        = {1978}
}

@article{Lamport:1979:MMC:1311099.1311750,
  author      = {Lamport, L.},
  journal     = {IEEE Trans. Comput.},
  month       = sep,
  number      = {9},
  pages       = {690--691},
  title       = {{How to Make a Multiprocessor Computer That Correctly Executes Multiprocess Programs}},
  volume      = {28},
  year        = {1979}
}

@phdthesis{hurlin2009specification,
  title       = {{Specification and Verification of Multithreaded Object-oriented Programs with Separation Logic}},
  author      = {Hurlin, Cl{\'e}ment},
  year        = {2009},
  school      = {Universit{\'e} Nice Sophia Antipolis}
}

@article{Lamport:1982:BGP:357172.357176,
  author      = {Lamport, Leslie and Shostak, Robert and Pease, Marshall},
  journal     = {ACM Trans. Program. Lang. Syst.},
  month       = jul,
  number      = {3},
  pages       = {382--401},
  title       = {{The Byzantine Generals Problem}},
  volume      = {4},
  year        = {1982}
}

@article{Lea:2005:JSF:1127037.1127039,
  author      = {Lea, Doug},
  journal     = {Sci. Comput. Program.},
  month       = dec,
  number      = {3},
  pages       = {293--309},
  title       = {{The Java.Util.Concurrent Synchronizer Framework}},
  volume      = {58},
  year        = {2005}
}

@inproceedings{Hindsight,
  author      = {O'Hearn, Peter W. and Rinetzky, Noam and Vechev, Martin T. and Yahav, Eran and Yorsh, Greta},
  title       = {{Verifying Linearizability with Hindsight}},
  booktitle   = {Proceedings of the 29\textsuperscript{th}} # PODC,
  series      = {PODC '10},
  year        = {2010},
  pages       = {85--94},
  publisher   = {ACM},
  doi         = {10.1145/1835698.1835722}
}

@techreport{lea2004java,
  title       = {{Concurrency Utilities}},
  author      = {Lea, Doug and others},
  year        = {2004},
  number      = {JSR 166},
  publisher   = {Java Community Process}
}

@misc{skiplist-code-openjdk,
   author     = {openJDK},
   title      = {Skiplist Code},
   url        = {http://grepcode.com/file/repository.grepcode.com/java/root/jdk/openjdk/8u40-b25/java/util/concurrent/ConcurrentSkipListMap.java#ConcurrentSkipListMap}
}


@article{Liang:2013:MVL:2499370.2462189,
  author      = {Liang, Hongjin and Feng, Xinyu},
  journal     = {SIGPLAN Not.},
  month       = jun,
  number      = {6},
  pages       = {459--470},
  title       = {{Modular Verification of Linearizability with Non-fixed Linearization Points}},
  volume      = {48},
  year        = {2013}
}

@inproceedings{Lloyd:2011:DSE:2043556.2043593,
  author      = {Lloyd, Wyatt and Freedman, Michael J. and Kaminsky, Michael and Andersen, David G.},
  booktitle   = {Proceedings of the 23\textsuperscript{rd}} # SOSP,
  pages       = {401--416},
  publisher   = {ACM},
  series      = {SOSP '11},
  title       = {{Don'T Settle for Eventual: Scalable Causal Consistency for Wide-area Storage with COPS}},
  year        = {2011}
}

@article{Maes:1987:CEC:38807.38821,
  author      = {Maes, Pattie},
  journal     = {SIGPLAN Not.},
  month       = dec,
  number      = {12},
  pages       = {147--155},
  title       = {{Concepts and Experiments in Computational Reflection}},
  volume      = {22},
  year        = {1987}
}

@techreport{mahajan11cacTR,
  author      = {P. Mahajan and L. Alvisi and M. Dahlin},
  institution = {Computer Science Department, University of Texas at Austin},
  month       = may,
  number      = {TR-11-22},
  title       = {{Consistency, Availability, Convergence}},
  year        = {2011}
}

@article{philippou2001process,
  title       = {{A Process-calculus Analysis of Concurrent Operations on B-trees}},
  author      = {Philippou, Anna and Walker, David},
  journal     = {Journal of Computer and system sciences},
  volume      = {62},
  number      = {1},
  pages       = {73--122},
  year        = {2001}
}


@inproceedings{Mattern89virtualtime,
  author      = {Friedemann Mattern},
  booktitle   = {Proceedings of Workshop on Parallel and Distributed Algorithms},
  pages       = {215--226},
  publisher   = {North-Holland},
  title       = {{Virtual Time and Global States of Distributed Systems}},
  year        = {1989}
}

@article{Mellor-Crummey:1991:ASS:103727.103729,
  author      = {Mellor-Crummey, John M. and Scott, Michael L.},
  journal     = {ACM Trans. Comput. Syst.},
  month       = feb,
  number      = {1},
  pages       = {21--65},
  title       = {{Algorithms for Scalable Synchronization on Shared-memory Multiprocessors}},
  volume      = {9},
  year        = {1991}
}

@inproceedings{michael:1996:sfp:248052.248106,
  author      = {michael, maged m. and scott, michael l.},
  booktitle   = {proceedings of the 15\textsuperscript{15}} # popl,
  pages       = {267--275},
  publisher   = {acm},
  series      = {podc '96},
  title       = {{simple, fast, and practical non-blocking and blocking concurrent queue algorithms}},
  year        = {1996}
}

@inproceedings{michael:2002:hpd:564870.564881,
  author      = {michael, maged m.},
  booktitle   = {proceedings of the 14\textsuperscript{th}} # popl,
  pages       = {73--82},
  publisher   = {acm},
  series      = {spaa '02},
  title       = {{high performance dynamic lock-free hash tables and list-based sets}},
  year        = {2002}
}

@article{mosberger:1993:mcm:160551.160553,
  author      = {mosberger, david},
  journal     = {sigops oper. syst. rev.},
  month       = jan,
  number      = {1},
  pages       = {18--26},
  title       = {{memory consistency models}},
  volume      = {27},
  year        = {1993}
}

@inproceedings{nanevski08ynot:reasoning,
  author      = {aleksandar nanevski and greg morrisett and avi shinnar and paul govereau and lars birkedal},
  booktitle   = {proceedings of the 13\textsuperscript{th}} # icfp ,
  title       = {{ynot: reasoning with the awkward squad}},
  year        = {2008}
}

@inbook{nanevski2014,
  author      = {nanevski, aleksandar and ley-wild, ruy and sergey, ilya and delbianco, germ\'{a}n andr{\'e}s},
  title       = {{communicating state transition systems for fine-grained concurrent resources}},
  booktitle   = {proceedings of the 23\textsuperscript{rd}} # esop,
  series      = {lecture notes in computer science},
  year        = {2014},
  pages       = {290--310},
  doi         = {10.1007/978-3-642-54833-8_16},
  publisher   = {springer-verlag},
  shale_note  = {fcsl, the first paper}
}
    
@inproceedings{ley2013subjective,
  title       = {{subjective auxiliary state for coarse-grained concurrency}},
  author      = {ley-wild, ruy and nanevski, aleksandar},
  booktitle   = {proceedings of the 40\textsuperscript{th}} # popl,
  volume      = {48},
  number      = {1},
  pages       = {561--574},
  year        = {2013}
}

@inproceedings{ohearn05challenges,
  author      = {o'hearn, peter w.},
  booktitle   = {proceedings of the 1\textsuperscript{st}} # vstte,
  editor      = {bertrand meyer and jim woodcock},
  pages       = {116--133},
  publisher   = {springer},
  series      = {lecture notes in computer science},
  title       = {{scalable specification and reasoning: challenges for program logic}},
  volume      = {4171},
  year        = {2005}
}

@inproceedings{jacobspopl2011,
  author      = {jacobs, bart and piessens, frank},
  title       = {{expressive modular fine-grained concurrency specification}},
  booktitle   = {proceedings of popl '11},
  year        = {2011},
  pages       = {271--282},
}

@article{ohearn:2007:rcl:1235896.1236121,
  author      = {ohearn, peter w.},
  journal     = {theor. comput. sci.},
  month       = apr,
  number      = {1-3},
  pages       = {271--307},
  title       = {{resources, concurrency, and local reasoning}},
  volume      = {375},
  year        = {2007}
}

@techreport{ucam-cl-tr-654,
  author      = {parkinson, matthew j.},
  title       = {{local reasoning for java}},
  year        = {2005},
  institution = {university of cambridge, computer laboratory},
  number      = {ucam-cl-tr-654}
}


@techreport{opac-b1015261,
  author      = {treiber, r.kent},
  institution = {ibm us research centers (yorktown,san jose,almaden, us)},
  number      = {rj 5118},
  title       = {{systems programming : coping with parallelism}},
  year        = {1986}
}

@phdthesis{papadakis1993,
  author      = {papadakis, thomas},
  school      = {university of waterloo, canada},
  title       = {{skip lists and probabilistic analysis of algorithm}},
  year        = {1993}
}

@inproceedings{parkinson:2005:sla:1040305.1040326,
  author      = {parkinson, matthew and bierman, gavin},
  booktitle   = {proceedings of the 32\textsuperscript{nd}} # popl,
  pages       = {247--258},
  publisher   = {acm},
  series      = {popl '05},
  title       = {{separation logic and abstraction}},
  year        = {2005}
}

@article{parkinson:2007:mvn:1190215.1190261,
  author      = {parkinson, matthew and bornat, richard and o'hearn, peter},
  journal     = {sigplan not.},
  month       = jan,
  number      = {1},
  pages       = {297--302},
  title       = {{modular verification of a non-blocking stack}},
  volume      = {42},
  year        = {2007}
}

@techreport{pugh90concurrentmaintenance,
  author      = {william pugh},
  institution = {dept. of computer science, university of maryland, college park},
  title       = {{concurrent maintenance of skip lists}},
  year        = {1990}
}

@article{pugh:1990:slp:78973.78977,
  author      = {pugh, william},
  journal     = {commun. acm},
  month       = jun,
  number      = {6},
  pages       = {668--676},
  title       = {{skip lists: a probabilistic alternative to balanced trees}},
  volume      = {33},
  year        = {1990}
}

@techreport{qadeer:2009:678567676,
  author      = {shaz qadeer and ali sezgin and serdar tasiran},
  institution = {microsoft research},
  number      = {msr-tr-2009-142},
  title       = {{back and forth: prophecy variables for static verification of concurrent programs}},
  year        = {2009}
}

@inproceedings{raad2015,
  author      = {raad, azalea and villard, jules and gardner philippa},
  booktitle   = {proceedings of the 24\textsuperscript{th}} # esop,
  series      = {lecture notes in computer science},
  title       = {{colosl: concurrent local subjective logic}},
  year        = {2015},
  doi         = {10.1007/978-3-662-46669-8_29}
}

@inproceedings{caper,
  author      = {dinsdale{-}young, thomas and {da rocha pinto}, pedro and {just andersen}, kristoffer  and birkedal, lars},
  title       = {caper: automatic verification for fine-grained concurrency},
  booktitle   = {proceedings of 26\textsuperscript{th}} # esop,
  series      = {lecture notes in computer science},
  year        = {2017}
}

@inproceedings{xiong2017,
  author      = {xiong, shale and {da rocha pinto}, pedro and ntzik, gian and gardner, philippa},
  title       = {abstract specifications for concurrent maps},
  booktitle   = {proceedings of the 26\textsuperscript{th}} # esop,
  year        = {2017},
  editor      = {yang, hongseok},
  volume      = {10201},
  series      = {lecture notes in computer science},
  pages       = {964--990},
  month       = apr,
  publisher   = {springer},
  doi         = {10.1007/978-3-662-54434-1_36},
}         

@phdthesis{ntzik2017reasoning,
  author      = {ntzik, gian},
  title       = {{reasoning about posix file systems}},
  school      = {imperial college london},
  year        = {2017},
  shale_note  = {tada for file system}
} 

@techreport{maps-tr,
  author      = {xiong, shale and {da rocha pinto}, pedro and ntzik, gian and gardner, philippa},
  title       = {{abstract specifications for concurrent maps (extended version)}},
  institution = {department of computing, imperial college london},
  year        = {2017},
  number      = {2017/1},
  url         = {https://www.doc.ic.ac.uk/research/technicalreports/2017/\#1}
}

@inproceedings{cerone_et_al:lipics:2015:5375,
  author      = {andrea cerone and giovanni bernardi and alexey gotsman},
  title       = {{a framework for transactional consistency models with atomic visibility}},
  booktitle   = {processing of the 26\textsuperscript{th}} # concur,
  pages       = {58--71},
  series      = {leibniz international proceedings in informatics (lipics)},
  year        = {2015},
  volume      = {42},
  editor      = {luca aceto and david de frutos escrig},
  publisher   = {schloss dagstuhl--leibniz-zentrum fuer informatik},
  address     = {dagstuhl, germany},
  doi         = {10.4230/lipics.concur.2015.58},
  shale_note  = {consistency models, transactions, snapshot}
}

@inproceedings{tada,
  author      = {{da rocha pinto}, pedro and dinsdale{-}young, thomas and gardner, philippa},
  title       = {{tada: a logic for time and data abstraction}},
  booktitle   = {proceedings of the 28\textsuperscript{th}} # ecoop,
  year        = {2014},
  editor      = {jones, richard e.},
  volume      = {8586},
  series      = {lecture notes in computer science},
  pages       = {207--231},
  month       = jul,
  publisher   = {springer},
  doi         = {10.1007/978-3-662-44202-9_9},
  shale_note  = {first-order, atomicity, abstraction}
}  

@inproceedings{reynolds00intuitionisticreasoning,
  author      = {reynolds, john c.},
  booktitle   = {millennial perspectives in computer science},
  pages       = {303--321},
  publisher   = {palgrave},
  title       = {{intuitionistic reasoning about shared mutable data structure}},
  year        = {2000}
}

@inproceedings{reynolds:2002:sll:645683.664578,
  author      = {Reynolds, John C.},
  booktitle   = {Proceedings of the 17\textsuperscript{th}} # LICS,
  pages       = {55--74},
  publisher   = {IEEE Computer Society},
  series      = {lics '02},
  title       = {{Separation Logic: a Logic for Shared Mutable Data Structures}},
  year        = {2002},
  shale_note  = {separation logic}
}

@inproceedings{sagiv1985,
  author      = {sagiv, yehoshua},
  booktitle   = {proceedings of the 4\textsuperscript{th}} #popl,
  pages       = {28--37},
  publisher   = {acm},
  series      = {pods '85},
  title       = {{concurrent operations on b-trees with overtaking}},
  year        = {1985}
}

@inproceedings{sergey:2015:mvf:2737924.2737964,
  author      = {sergey, ilya and nanevski, aleksandar and banerjee, anindya},
  booktitle   = {proceedings of the 36\textsuperscript{th}} # pidi,
  pages       = {77--87},
  publisher   = {acm},
  series      = {pldi 2015},
  title       = {{mechanized verification of fine-grained concurrent programs}},
  year        = {2015}
}

@inproceedings{shapiro:2011:crd:2050613.2050642,
  author      = {shapiro, marc and pregui\c{c}a, nuno and baquero, carlos and zawirski, marek},
  booktitle   = {proceedings of the 13\textsuperscript{th} international conference on stabilization, safety, and security of distributed systems},
  pages       = {386--400},
  publisher   = {springer-verlag},
  series      = {sss'11},
  title       = {{conflict-free replicated data types}},
  year        = {2011}
}

@misc{skiplist-code-openjdk,
  author      = {openjdk},
  url         = {http://grepcode.com/file/repository.grepcode.com/java/root/jdk/openjdk/8u40-b25/java/util/concurrent/concurrentskiplistmap.java#concurrentskiplistmap},
  title       = {{skiplist code}}
}

@article{susan1976axiomatic,
  author      = {owicki, susan and gries, david},
  journal     = {acta informatica},
  month       = dec,
  number      = {4},
  pages       = {319--340},
  title       = {{an axiomatic proof technique for parallel programs i}},
  volume      = {6},
  year        = {1976}
}

@phdthesis{pedro-thesis,
  title       = {{reasoning with time and data abstractions}},
  author      = {{da rocha pinto}, pedro},
  year        = {2017},
  school      = {imperial college london}
}

@inproceedings{svendsen2014,
  author      = {svendsen, kasper and birkedal, lars},
  title       = {{impredicative concurrent abstract predicates}},
  booktitle   = {proceedings of the 23\textsuperscript{rd}} # esop,
  year        = {2014},
  pages       = {149--168},
  numpages    = {20},
  publisher   = {springer-verlag new york, inc.},
  address     = {new york, ny, usa},
  doi         = {10.1007/978-3-642-54833-8_9}
} 

@inproceedings{syn:app:sh179,
  author      = {alexey gotsman and hongseok yang and carla ferreira and mahsa najafzadeh and marc shapiro},
  booktitle   = {proceedings of the 43\textsuperscript{rd}} # popl,
  editor      = {rastislav bodik and rupak majumdar},
  pages       = {371--384},
  publisher   = {acm},
  title       = {{'{c}ause {i}'m strong enough: reasoning about consistency choices in distributed systems}},
  year        = {2016}
}

@techreport{syn:sh180,
  author      = {marek zawirski and carlos baquero and annette bieniusa and nuno pregui{\c c}a and marc shapiro},
  institution = {\url{arxiv.org}},
  month       = nov,
  number      = {arxiv:1511.05010 [cs.dc]},
  title       = {{eventually consistent register revisited}},
  year        = {2015}
}

@article{tutorial,
  author      = {pedro da rocha pinto and thomas dinsdale{-}young and philippa gardner},
  journal     = {electr. notes theor. comput. sci.},
  pages       = {3--18},
  title       = {{steps in modular specifications for concurrent modules (invited tutorial paper)}},
  volume      = {319},
  year        = {2015}
}

@inproceedings{vafeiadis07amarriage,
  author      = {vafeiadis, viktor and parkinson, matthew},
  booktitle   = {proceedings of the 18\textsuperscript{th}} # concur,
  pages       = {256--271},
  publisher   = {springer-verlag},
  series      = {concur '07},
  title       = {{a marriage of rely/guarantee and separation logic}},
  year        = {2007},
  doi         = {10.1007/978-3-540-74407-8_18},
  shale_note  = {rgsep}
}

@article{vogels:2009:ec:1435417.1435432,
  author      = {vogels, werner},
  journal     = {commun. acm},
  month       = jan,
  number      = {1},
  pages       = {40--44},
  title       = {{eventually consistent}},
  volume      = {52},
  year        = {2009}
}

