@STRING{ jan = "January" }
@STRING{ feb = "February" }
@STRING{ mar = "March" }
@STRING{ apr = "April" }
@STRING{ may = "May" }
@STRING{ jun = "June" }
@STRING{ jul = "July" }
@STRING{ aug = "August" }
@STRING{ sep = "September" }
@STRING{ oct = "October" }
@STRING{ nov = "November" }
@STRING{ dec = "December" }

@STRING{ ESOP    = " European Symposium on Programming"}
@STRING{ POPL    = " Annual {ACM} {SIGPLAN}-{SIGACT} Symposium on Principles of Programming Languages"}
@STRING{ OOPSLA  = " {ACM} {SIGPLAN} International Conference on Object Oriented Programming, Systems, Languages, and Applications"}
@STRING{ PLDI    = " {ACM} {SIGPLAN} International Conference on Programming Language Design and Implementation"}
@STRING{ ICFP    = " {ACM} {SIGPLAN} International Conference on Functional Programming"}
@STRING{ ECOOP   = " European Conference on Object-Oriented Programming"}
@STRING{ LICS    = " Annual {IEEE} Symposium on Logic in Computer Science"}
@STRING{ CONCUR  = " International Conference on Concurrency Theory"}
@STRING{ PODC    = " {ACM} {SIGACT}-{SIGOPS} Symposium on Principles of Distributed Computing"}
@STRING{ CAV     = " International Conference on Computer-Aided Verification"}
@STRING{ SEFM    = " International Conference on Software Engineering and Formal Methods"}
@STRING{ FMCO    = " International Symposium on Formal Methods for Components and Objects"}
@STRING{ DISC    = " International Symposium on Distributed Computing"}
@STRING{ OPODIS  = " International Conference on Principles of Distributed Systems"}
@STRING{ SPAA    = " Annual ACM Symposium on Parallelism in Algorithms and Architectures"}
@STRING{ SIROCCO = " International Conference on Structural Information and Communication Complexity"}
@STRING{ ISPDC   = " International Symposium on Parallel and Distributed Computing"}
@STRING{ SOSP    = " {ACM} Symposium on Operating Systems Principles"}
@STRING{ VSTTE   = " International Conference on Verified Software: Theories, Tools, and Experiments"}
@STRING{ SIGMOD  = " {ACM} {SIGMOD} International Conference on Management of Data"}
@STRING{ FCT     = " Symposium on Fundamentals of Computation Theory was established"}
@STRING{ SAS     = " International Conference on Static Analysis"}
@STRING{ AMAST   = " International Conference on Algebraic Methodology and Software Technology"}
@STRING{ OSDI    = " Symposium on Operating Systems Design and Implementation"}
@STRING{ PDP     = " Euromicro International Conference on Parallel, Distributed, and Network-Based Processing"}
@STRING{ ICDE    = " International Symposium on Reliable Distributed Systems"}
@STRING{ SRDS    = " Leibniz International Proceedings in Informatics ({LIPIcs})"}
@STRING{ NSDI    = " {USENIX} Symposium on Networked Systems Design and Implementation"}
@STRING{ PLDI    = " {ACM} {SIGPLAN} Conference on Programming Language Design and Implementation"}



@STRING{ LNCS    = "Lecture Notes in Computer Science"}
@STRING{ LIPICS  = "Leibniz International Proceedings in Informatics ({LIPIcs})"}
@STRING{ IEEECS  = "{IEEE} Computer Society"}

@STRING{ ACMDS   = "{ACM} Transactions on Database Systems"}
@STRING{ ACMCOM  = "Communications of the {ACM}"}
@STRING{ ACMCSU  = "{ACM} Computing Surveys"}
@STRING{ SIGPNO  = "{SIGPLAN} Notices"}
@STRING{ PACMPL  = "Proceedings of the {ACM} on Programming Languages"}
@STRING{ ELNOCS  = "Electronic Notes in Theoretical Computer Science"}

@inproceedings{laws,
  author       = {Andrea Cerone and Alexey Gotsman and Hongseok Yang},
  title        = {{Algebraic Laws for Weak Consistency}},
  booktitle    = {Proceedings of the 27\textsuperscript{th}} # CONCUR,
  pages        = {26:1--26:18},
  series       = LIPICS,
  year         = {2017},
  volume       = {85},
  editor       = {Roland Meyer and Uwe Nestmann},
  publisher    = {Schloss Dagstuhl--Leibniz-Zentrum fuer Informatik},
  address      = {Dagstuhl, Germany},
  doi          = {10.4230/LIPIcs.CONCUR.2017.26},
  OTHERKEY     = {cerone_et_al:lipics:2017:7794}
}
                
@inproceedings{ev_transactions,
  author       = {Burckhardt, Sebastian and Fahndrich, Manuel and Leijen, Daan and Sagiv, Mooly},
  title        = {{Eventually Consistent Transactions}},
  booktitle    = {Proceedings of the 21\textsuperscript{nd}} # ESOP,
  year         = {2012},
  month        = mar,
  publisher    = {Springer},
  OTHERKEY     = {eventually-consistent-transactions}
}

@article{10.1109/MC.2012.37,
  author       = {Eric Brewer},
  journal      = {Computer},
  number       = {2},
  pages        = {23-29},
  title        = {{CAP Twelve Years Later: How the ``Rules'' Have Changed}},
  volume       = {45},
  year         = {2012}
}

@inproceedings{2000:GIL:846219.847380,
  booktitle    = {Proceedings of the 16\textsuperscrip{th}} # ICDE,
  pages        = {67--},
  publisher    = IEEECS,
  series       = {ICDE'00},
  title        = {{Generalized Isolation Level Definitions}},
  year         = {2000}
}

@article{Ahamad94causalmemory,
  author       = {Ahamad, Mustaque and Neiger, Gil and Burns, James E. and Kohli, Prince and Hutto, PhillipW.},
  journal      = {Distributed Computing},
  number       = {1},
  pages        = {37-49},
  title        = {{Causal Memory: Definitions, Implementation, and Programming}},
  volume       = {9},
  year         = {1995}
}

@inproceedings{amighi2014formal,
  author       = {Amighi, Afshin and Blom, Stefan and Huisman, Marieke and Mostowski, Wojciech and Zaharieva-Stojanovski, Marina},
  title        = {{Formal Specifications for Java's Synchronisation Classes}},
  booktitle    = {Proceedings of the 22\textsuperscript{nd}} # PDP,
  series       = {PDP'14},
  year         = {2014},
  pages        = {725--733},
  doi          = {10.1109/PDP.2014.31},
  publisher    = {IEEE Computer Society}
}

@inproceedings{Attiya:2010:SVS:1706299.1706305,
  author       = {Attiya, H. and Ramalingam, G. and Rinetzky, N.},
  booktitle    = {Proceedings of the 37\textsuperscript{th}} # POPL,
  pages        = {31--42},
  publisher    = {ACM},
  series       = {POPL'10},
  title        = {{Sequential Verification of Serializability}},
  year         = {2010}
}

@inproceedings{Bailis:2013:BCC:2463676.2465279,
  author       = {Bailis, Peter and Ghodsi, Ali and Hellerstein, Joseph M. and Stoica, Ion},
  booktitle    = {Proceedings of the 2013} # SIGMOD,
  pages        = {761--772},
  publisher    = {ACM},
  series       = {SIGMOD'13},
  title        = {{Bolt-on Causal Consistency}},
  year         = {2013}
}

@inproceedings{Berdine05smallfoot:modular,
  author       = {Josh Berdine and Cristiano Calcagno and Peter W. O'hearn},
  booktitle    = {Proceedings of 4\textsuperscript{th}} # FMCO,
  pages        = {115--137},
  publisher    = {Springer},
  title        = {{Smallfoot: Modular Automatic Assertion Checking with Separation Logic}},
  year         = {2005}
}

@article{Blelloch:1996:PPA:227234.227246,
  author       = {Blelloch, Guy E.},
  journal      = ACMCOM,
  month        = mar,
  number       = {3},
  pages        = {85--97},
  title        = {{Mrogramming Parallel Algorithms}},
  volume       = {39},
  year         = {1996}
}

@inproceedings{Bornat:2005:PAS:1040305.1040327,
  author       = {Bornat, Richard and Calcagno, Cristiano and O'Hearn, Peter and Parkinson, Matthew},
  booktitle    = {Proceedings of the 32\textsuperscript{nd}} # POPL,
  pages        = {259--270},
  publisher    = {ACM},
  series       = {POPL'05},
  title        = {{Permission Accounting in Separation Logic}},
  year         = {2005}
}

@article{Bornat:2006:VRS:1706629.1706801,
  author       = {Bornat, Richard and Calcagno, Cristiano and Yang, Hongseok},
  journal      = ELNOCS,
  month        = may,
  pages        = {247--276},
  title        = {{Variables As Resource in Separation Logic}},
  volume       = {155},
  year         = {2006}
}

@inproceedings{Boyland:2003:CIF:1760267.1760273,
  author       = {Boyland, John},
  booktitle    = {Proceedings of the 10\textsuperscript{th}} # SAS,
  pages        = {55--72},
  publisher    = {Springer-Verlag},
  series       = {SAS'03},
  title        = {{Checking Interference with Fractional Permissions}},
  year         = {2003}
}

@article{Brookes:2007:SCS:1235896.1236120,
  author       = {Brookes, Stephen},
  journal      = {Theor. Comput. Sci.},
  month        = apr,
  number       = {1-3},
  pages        = {227--270},
  title        = {{A Semantics for Concurrent Separation Logic}},
  volume       = {375},
  year         = {2007}
}

@inproceedings{repldatatypes,
  author       = {Burckhardt, Sebastian and Gotsman, Alexey and Yang, Hongseok and Zawirski, Marek},
  booktitle    = {Proceedings of the 41\textsuperscript{st}} #POPL,
  pages        = {271--284},
  publisher    = {ACM},
  series       = {POPL'14},
  title        = {{Replicated Data Types: Specification, Verification, Optimality}},
  year         = {2014},
  OTHERKEY     = {Burckhardt:2014:RDT:2535838.2535848}
}

@inproceedings{Calcagno:2007:LAA:1270399.1271718,
  author       = {Calcagno, Cristiano and O'Hearn, Peter W. and Yang, Hongseok},
  booktitle    = {Proceedings of the 22\textsuperscript{nd}} # LICS,
  pages        = {366--378},
  publisher    = {IEEE Computer Society},
  series       = {LICS'07},
  title        = {{Local Action and Abstract Separation Logic}},
  year         = {2007}
}

@inproceedings{Calcagno:2009:CSA:1480881.1480917,
  author       = {Calcagno, Cristiano and Distefano, Dino and O'Hearn, Peter and Yang, Hongseok},
  booktitle    = {Proceedings of the 36\textsuperscript{th}} # POPL,
  pages        = {289--300},
  publisher    = {ACM},
  series       = {POPL'09},
  title        = {{Compositional Shape Analysis by Means of Bi-abduction}},
  doi          = {10.1145/2049697.2049700},
  year         = {2009},
  shale_note   = {technique used by infer tool}
}

@misc{cap_dynamo_bigtable,
  url          = {http://www.slideshare.net/GrishaWeintraub/cap-28353551},
  title        = {{Dynamo and BigTable in light of the CAP theorem}}
}

@article{Chandra:1996:UFD:226643.226647,
  author       = {Chandra, Tushar Deepak and Toueg, Sam},
  journal      = {J. ACM},
  month        = mar,
  number       = {2},
  pages        = {225--267},
  title        = {{Unreliable Failure Detectors for Reliable Distributed Systems}},
  volume       = {43},
  year         = {1996}
}

@inproceedings{Chang:2006:BDS:1267308.1267323,
  author       = {Chang, Fay and Dean, Jeffrey and Ghemawat, Sanjay and Hsieh, Wilson C. and Wallach, Deborah A. and Burrows, Mike and Chandra, Tushar and Fikes, Andrew and Gruber, Robert E.},
  booktitle    = {Proceedings of the 7\textsuperscript{th}} # OSDI,
  pages        = {15--15},
  volume       = {7},
  publisher    = {USENIX Association},
  series       = {OSDI'06},
  title        = {{Bigtable: A Distributed Storage System for Structured Data}},
  year         = {2006}
}

@article{Comer:1979:UB:356770.356776,
  author       = {Comer, Douglas},
  journal      = ACMCSU,
  month        = jun,
  number       = {2},
  pages        = {121--137},
  title        = {{Ubiquitous B-Tree}},
  volume       = {11},
  year         = {1979}
}

@misc{concurrentskiplist,
  author       = {Lea, Doug},
  title        = {{\url{ConcurrentSkipListMap} in Java}}
}

@inproceedings{conf/cav/Vafeiadis10,
  author       = {Vafeiadis, Viktor},
  booktitle    = {Proceedings of the 22\textsuperscript{nd}} # CAV,
  editor       = {Touili, Tayssir and Cook, Byron and Jackson, Paul},
  series       = {CAV'10},
  pages        = {450-464},
  publisher    = {Springer-Verlag},
  title        = {{Automatically Proving Linearizability}},
  volume       = {6174},
  year         = {2010},
  doi          = {10.1007/978-3-642-14295-6_40}
}

@inproceedings{conf/ifip/Jones83,
  author       = {Jones, C. B.},
  title        = {{Specification and Design of (Parallel) Programs}},
  booktitle    = {Proceedings of IFIP'83},
  year         = {1983},
  pages        = {321--332},
  publisher    = {North-Holland},
  shale_note   = {Rely/Guarantee}
}

@inproceedings{conf/oopsla/PintoDDGW11,
  author       = {{da Rocha Pinto}, Pedro and Dinsdale-Young, Thomas and Dodds, Mike and Gardner, Philippa and Wheelhouse, Mark J.},
  booktitle    = {Proceedings of the 2011} # OOPSLA,
  series       = {OOPSLA'11},
  editor       = {Lopes, Cristina Videira and Fisher, Kathleen},
  pages        = {845-864},
  publisher    = {ACM},
  title        = {{A Simple Abstraction for Complex Concurrent Indexes}},
  year         = {2011},
  doi          = {10.1145/2048066.2048131},
}

@inproceedings{conf/oopsla/VafeiadisN13,
  author       = {Vafeiadis, Viktor and Narayan, Chinmay},
  title        = {{Relaxed Separation Logic: A Program Logic for C11 Concurrency}},
  booktitle    = {Proceedings of the 2013} # OOPSLA,
  series       = {OOPSLA'13},
  year         = {2013},
  pages        = {867--884},
  doi          = {10.1145/2509136.2509532},
  publisher    = {ACM},
  shale_note   = { concurrency, separation logic, weak memory models, prove against axiomatic semantics}
} 

@inproceedings{conf/popl/BrookesOR14,
  author       = {Brookes, Stephen and O'Hearn, Peter W. and Reddy, Uday},
  title        = {The Essence of Reynolds},
  booktitle    = {Proceedings of the 41\textsuperscript{st}} # POPL,
  series       = {POPL'14},
  year         = {2014},
  pages        = {251--255},
  doi          = {10.1145/2535838.2537851},
  publisher    = {ACM}
} 

@book{Coulouris:2011:DSC:2029110,
  address      = {USA},
  author       = {Coulouris, George and Dollimore, Jean and Kindberg, Tim and Blair, Gordon},
  edition      = {5th},
  isbn         = {0132143011, 9780132143011},
  publisher    = {Addison-Wesley Publishing Company},
  title        = {{Distributed Systems: Concepts and Design}},
  year         = {2011}
}

@inproceedings{daRochaPinto2016,
  author       = {{da Rocha Pinto}, Pedro and Dinsdale-Young, Thomas and Gardner, Philippa and Sutherland, Julian},
  title        = {{Modular Termination Verification for Non-blocking Concurrency}},
  booktitle    = {Proceedings of the 25\textsuperscript{th}} # ESOP,
  year         = {2016},
  editor       = {Thiemann, Peter},
  volume       = {9632},
  series       = LNCS,
  pages        = {176--201},
  month        = apr,
  publisher    = {Springer},
  doi          = {10.1007/978-3-662-49498-1_8}
}       

@inproceedings{DBLP:conf/esop/SergeyNB15,
  author       = {Sergey, Ilya and Nanevski, Aleksandar and Banerjee, Anindya},
  title        = {Specifying and Verifying Concurrent Algorithms with Histories and Subjectivity},
  booktitle    = {Proceedings of the 24\textsuperscript{th}} # ESOP,
  year         = {2015},
  pages        = {333--358},
  volume       = {9032},
  series       = LNCS,
  doi          = {10.1007/978-3-662-46669-8_14},
  publisher    = {Springer-Verlag},
  shale_note   = {FCSL, atomicity by history, more example, speculation}
}

@inproceedings{blom2015history,
  title        = {{History-based Verification of Functional Behaviour of Concurrent Programs}},
  author       = {Blom, Stefan and Huisman, Marieke and Zaharieva-Stojanovski, Marina},
  booktitle    = {Proceedings of the 13\textsuperscript{th}} # SEFM,
  series       = LNCS,
  pages        = {84--98},
  year         = {2015},
  doi          = "10.1007/978-3-319-22969-0_6"
}

@book{jacobs1998reasoning,
  title        = {{Reasoning about Java Classes: Preliminary Report}},
  author       = {Jacobs, Bart and Van Den Berg, Joachim and Huisman, Marieke and van Berkum, Martijn and Hensel, Ulrich and Tews, Hendrik},
  volume       = {33},
  number       = {10},
  year         = {1998},
  publisher    = {ACM}
}

@article{DBLP:journals/corr/DongolD14,
  author       = {Brijesh Dongol and John Derrick},
  journal      = {CoRR},
  title        = {{Verifying linearizability: {A} comparative survey}},
  volume       = {abs/1410.6268},
  year         = {2014}
}

@article{Dean:2008:MSD:1327452.1327492,
  author       = {Dean, Jeffrey and Ghemawat, Sanjay},
  journal      = ACMCOM,
  month        = jan,
  number       = {1},
  pages        = {107--113},
  title        = {{MapReduce: Simplified Data Processing on Large Clusters}},
  volume       = {51},
  year         = {2008}
}

@article{DeCandia:2007:DAH:1323293.1294281,
  author       = {DeCandia, Giuseppe and Hastorun, Deniz and Jampani, Madan and Kakulapati, Gunavardhan and Lakshman, Avinash and Pilchin, Alex and Sivasubramanian, Swaminathan and Vosshall, Peter and Vogels, Werner},
  journal      = {SIGOPS Oper. Syst. Rev.},
  month        = oct,
  number       = {6},
  pages        = {205--220},
  title        = {{Dynamo: Amazon's Highly Available Key-value Store}},
  volume       = {41},
  year         = {2007}
}

@misc{aws-web,
  title        = {{Amazon Web Service Document}},
  year         = {2017},
  month        = {},
  url          = {https://aws.amazon.com/documentation/}
}

@inproceedings{cap,
  author       = {Dinsdale-Young, Thomas and Dodds, Mike and Gardner, Philippa and Parkinson, Matthew J. and Vafeiadis, Viktor},
  booktitle    = {Proceedings of the 24\textsuperscript{th}} # ECOOP,
  pages        = {504--528},
  publisher    = {Springer-Verlag},
  series       = {ECOOP'10},
  title        = {{Concurrent Abstract Predicates}},
  year         = {2010},
  shale_note   = {CAP Logic, data abstraction, concurrency}
}

@inproceedings{Parkinson:2005:SLA:1040305.1040326,
  author       = {Parkinson, Matthew and Bierman, Gavin},
  title        = {{Separation Logic and Abstraction}},
  booktitle    = {Proceedings of the 32\textsuperscript{nd}} # POPL,
  series       = {POPL'05},
  year         = {2005},
  pages        = {247--258},
  numpages     = {12},
  doi          = {10.1145/1040305.1040326},
  publisher    = {ACM},
  shale_note   = {only data abstraction}
} 


@inproceedings{view,
  author       = {Dinsdale{-}Young, Thomas and Birkedal, Lars and Gardner, Philippa and Parkinson, Matthew J. and Yang, Hongseok},
  title        = {{Views: Compositional Reasoning for Concurrent Programs}},
  booktitle    = {Proceedings of the 40\textsuperscript{th}} # POPL,
  year         = {2013},
  editor       = {Giacobazzi, Roberto and Cousot, Radhia},
  pages        = {287--300},
  publisher    = {{ACM}},
  doi          = {10.1145/2429069.2429104}
}  

@inproceedings{haack2008cite,
  title        = {{Separation Logic Contracts for a Java-like Language with Fork/Join}},
  author       = {Haack, Christian and Hurlin, Cl{\'e}ment},
  booktitle    = {Proceedings of the 12\textsuperscript{th}} # AMAST,
  series       = {AMAST'08},
  doi          = {10.1007/978-3-540-79980-1_16},
  publisher    = {Springer-Verlag},
  pages        = {199--215},
  year         = {2008}
}

@inproceedings{Dodds:12595261,
  author       = {Dodds, Mike and Feng, Xinyu and Parkinson, Matthew and Vafeiadis, Viktor},
  booktitle    = {Proceedings of the 18\textsuperscript{th}} # ESOP,
  pages        = {363--377},
  publisher    = {Springer-Verlag},
  series       = {ESOP'09},
  title        = {{Deny-Guarantee Reasoning}},
  year         = {2009}
}

@inproceedings{export:137763,
  author       = {Calcagno, Cristiano and Parkinson, Matthew and Vafeiadis, Viktor},
  title        = {{Modular Safety Checking for Fine-grained Concurrency}},
  booktitle    = {Proceedings of the 14\textsuperscript{th}} # SAS,
  series       = {SAS'07},
  year         = {2007},
  pages        = {233--248},
  publisher    = {Springer-Verlag}
} 

@inproceedings{export:144848,
  author       = {Josh Berdine and Byron Cook and Samin Ishtiaq},
  booktitle    = {Proceedings of the 23\textsuperscript{rd}} # CAV,
  title        = {{SLAyer: Memory Safety for Systems-level Code}},
  publisher    = {Springer-Verlag},
  year         = {2011}
}

@misc{facebook:infer,
  url          = {http://fbinfer.com},
  title        = {{Infer}},
  year         = {2017},
  month        = {}
}

@inproceedings{Fischer:1983:CPU:647891.739594,
  author       = {Fischer, Michael J.},
  booktitle    = {Proceedings of the 4\textsuperscript{th}} # FCT,
  pages        = {127--140},
  publisher    = {Springer-Verlag},
  title        = {{The Consensus Problem in Unreliable Distributed Systems (A Brief Survey)}},
  year         = {1983}
}

@article{floyd-meaning,
  author       = {Floyd, R. W.},
  journal      = {Mathematical Aspects of Computer Science},
  number       = {19-32},
  pages        = {1},
  title        = {{Assigning meanings to programs}},
  volume       = {19},
  year         = {1967}
}

@inproceedings{Ghemawat:2003:GFS:945445.945450,
  author       = {Ghemawat, Sanjay and Gobioff, Howard and Leung, Shun-Tak},
  booktitle    = {Proceedings of the 19\textsuperscript{th}} # SOSP,
  pages        = {29--43},
  publisher    = {ACM},
  series       = {SOSP'03},
  title        = {{The Google File System}},
  year         = {2003}
}

@article{acid,
  author       = {Haerder, Theo and Reuter, Andreas},
  journal      = ACMCSU,
  month        = dec,
  number       = {4},
  pages        = {287--317},
  title        = {{Principles of Transaction-oriented Database Recovery}},
  volume       = {15},
  doi          = {10.1145/289.291},
  publisher    = {ACM},
  year         = {1983},
}
@book{Bernstein:1987:CCR:12518,
  author       = {Bernstein, Philip A. and Hadzilacos, Vassco and Goodman, Nathan},
  title        = {{Concurrency Control and Recovery in Database Systems}},
  year         = {1987},
  publisher    = {Addison-Wesley Longman Publishing Co., Inc.},
  address      = {Boston, MA, USA},
} 

@inproceedings{si,
  author       = {Berenson, Hal and Bernstein, Phil and Gray, Jim and Melton, Jim and O'Neil, Elizabeth and O'Neil, Patrick},
  title        = {{A Critique of ANSI SQL Isolation Levels}},
  booktitle    = {Proceedings of the 1995} # SIGMOD,
  series       = {SIGMOD'95},
  year         = {1995},
  pages        = {1--10},
  doi          = {10.1145/223784.223785},
  publisher    = {ACM},
  OTHERKEY     = {Berenson:1995:CAS:223784.223785},
} 

@inproceedings{SIanalysis,
  author       = {Cerone, Andrea and Gotsman, Alexey},
  title        = {{Analysing Snapshot Isolation}},
  booktitle    = {Proceedings of the 2016} # PODC,
  series       = {PODC'16},
  year         = {2016},
  pages        = {55--64},
  doi          = {10.1145/2933057.2933096},
  publisher    = {ACM},
  OTHERKEY     = {cerone:snapshot},
} 

@article{fekete-tods,
  author       = {Fekete, Alan and Liarokapis, Dimitrios and O'Neil, Elizabeth and O'Neil, Patrick and Shasha, Dennis},
  title        = {{Making Snapshot Isolation Serializable}},
  journal      = ACMDS,
  volume       = {30},
  number       = {2},
  month        = jun,
  year         = {2005},
  pages        = {492--528},
  doi          = {10.1145/1071610.1071615},
  publisher    = {ACM},
  OTHERKEY     = {Fekete:2005:MSI:1071610.1071615},
} 

@article{Gilbert:2002:BCF:564585.564601,
  author       = {Gilbert, Seth and Lynch, Nancy},
  title        = {{Brewer's Conjecture and the Feasibility of Consistent, Available, Partition-tolerant Web Services}},
  journal      = {SIGACT News},
  volume       = {33},
  number       = {2},
  month        = jun,
  year         = {2002},
  pages        = {51--59},
  doi          = {10.1145/564585.564601},
  publisher    = {ACM},
  address      = {New York, NY, USA},
} 

@article{Ahamad1995,
  author       = {Ahamad, Mustaque and Neiger, Gil and Burns, James E.  and Kohli, Prince and Hutto, Phillip W.},
  title        = {Causal Memory: Definitions, Implementation, and Programming},
  journal      = {Distributed Computing},
  year         = {1995},
  month        = mar,
  volume       = {9},
  number       = {1},
  pages        = {37--49},
  doi          = {10.1007/BF01784241},
}
    

@article{Lamport:1979:MMC:1311099.1311750,
  author       = {Lamport, L.},
  title        = {{How to Make a Multiprocessor Computer That Correctly Executes Multiprocess Programs}},
  journal      = {IEEE Trans. Comput.},
  volume       = {28},
  number       = {9},
  month        = sep,
  year         = {1979},
  pages        = {690--691},
  doi          = {10.1109/TC.1979.1675439},
  publisher    = {IEEE Computer Society},
} 


@inproceedings{Harris:2001:PIN:645958.676105,
  author       = {Harris, Timothy L.},
  booktitle    = {Proceedings of the 15\textsuperscript{th}} # DISC,
  pages        = {300--314},
  publisher    = {Springer-Verlag},
  series       = {DISC'01},
  title        = {{A Pragmatic Implementation of Non-blocking Linked-Lists}},
  year         = {2001}
}

@inproceedings{Heller:2005:LCL:2164210.2164216,
  author       = {Heller, Steve and Herlihy, Maurice and Luchangco, Victor and Moir, Mark and Scherer, William N. and Shavit, Nir},
  booktitle    = {Proceedings of the 9\textsuperscript{th}} # OPODIS,
  pages        = {3--16},
  publisher    = {Springer-Verlag},
  series       = {OPODIS'05},
  title        = {{A Lazy Concurrent List-based Set Algorithm}},
  year         = {2006}
}

@inproceedings{HemedRV15Exchanger,
  author       = {Nir Hemed and Noam Rinetzky and Viktor Vafeiadis},
  booktitle    = {Proceedings of the 29\textsuperscript{th}} # DISC,
  editor       = {Yoram Moses},
  pages        = {371--387},
  publisher    = {Springer},
  series       = LNCS,
  title        = {{Modular Verification of Concurrency-Aware Linearizability}},
  volume       = {9363},
  year         = {2015}
}

@inproceedings{Hendler:2004:SLS:1007912.1007944,
  author       = {Hendler, Danny and Shavit, Nir and Yerushalmi, Lena},
  booktitle    = {Proceedings of the 16\textsuperscript{th}} # SPAA,
  pages        = {206--215},
  publisher    = {ACM},
  series       = {SPAA'04},
  title        = {{A Scalable Lock-free Stack Algorithm}},
  year         = {2004}
}

@article{Herlihy:1990:LCC:78969.78972,
  author       = {Herlihy, Maurice P. and Wing, Jeannette M.},
  journal      = {ACM Trans. Program. Lang. Syst.},
  month        = jul,
  number       = {3},
  pages        = {463--492},
  title        = {{Linearizability: A Correctness Condition for Concurrent Objects}},
  volume       = {12},
  year         = {1990}
}

@inproceedings{Herlihy:2007:SOS:1760631.1760646,
  author       = {Herlihy, Maurice and Lev, Yossi and Luchangco, Victor and Shavit, Nir},
  booktitle    = {Proceedings of the 14\textsuperscript{th}} # SIROCCO,
  pages        = {124--138},
  publisher    = {Springer-Verlag},
  series       = {SIROCCO'07},
  title        = {{A Simple Optimistic Skiplist Algorithm}},
  year         = {2007}
}

@article{Hoare:1969:ABC:363235.363259,
  author       = {Hoare, C. A. R.},
  title        = {{An Axiomatic Basis for Computer Programming}},
  journal      = ACMCOM,
  volume       = {12},
  number       = {10},
  month        = oct,
  year         = {1969},
  pages        = {576--580},
  doi          = {10.1145/363235.363259},
  publisher    = {ACM},
} 

@inproceedings{HuismanM15Locks,
  author       = {Marieke Huisman and Wojciech Mostowski},
  booktitle    = {Proceedings of the 14\textsuperscript{th}} # ISPDC,
  editor       = {Daniel Grosu and Hai Jin and George Papadopoulos},
  pages        = {165--174},
  publisher    = {IEEE},
  title        = {{A Symbolic Approach to Permission Accounting for Concurrent Reasoning}},
  year         = {2015}
}

@inproceedings{Ishtiaq:2001:BAL:360204.375719,
  author       = {O'Hearn, Peter W. and Ishtiaq, Samin S.},
  booktitle    = {Proceedings of the 28\textsuperscript{th}} # POPL,
  pages        = {14--26},
  publisher    = {ACM},
  series       = {POPL'01},
  title        = {{BI As an Assertion Language for Mutable Data Structures}},
  year         = {2001},
  doi          = {10.1145/360204.375719},
}

@misc{java-specification-for-concurrentmap,
  author       = {Java},
  url          = {https://docs.oracle.com/javase/8/docs/api/java/util/concurrent/ConcurrentMap.html},
  title        = {{Java English Specification for Concurrent Map}}
}

@incollection{Jones:2003:WCA:766951.766953,
  address      = {New York, NY, USA},
  author       = {Jones, C. B.},
  booktitle    = {Programming Methodology},
  editor       = {McIver, Annabelle and Morgan, Carroll},
  pages        = {5--15},
  publisher    = {Springer-Verlag New York, Inc.},
  title        = {{Wanted: A Compositional Approach to Concurrency}},
  year         = {2003}
}

@inproceedings{iris,
  author       = {Jung, Ralf and Swasey, David and Sieczkowski, Filip and Svendsen, Kasper and Turon, Aaron and Birkedal, Lars and Dreyer, Derek},
  booktitle    = {Proceedings of the 42\textsuperscript{nd}} # POPL,
  pages        = {637--650},
  publisher    = {ACM},
  series       = {POPL'15},
  title        = {{Iris: Monoids and Invariants as an Orthogonal Basis for Concurrent Reasoning}},
  year         = {2015},
  doi          = {10.1145/2676726.2676980},
}

@phdthesis{KeirFraserThesis,
  author       = {Fraser, Keir},
  month        = feb,
  school       = {University of Cambridge},
  title        = {{Practical lock-freedom}},
  year         = {2004}
}

@inproceedings{push-pull,
  author       = {Koskinen, Eric and Parkinson, Matthew},
  booktitle    = {Proceedings of the 36\textsuperscript{th}} # PLDI,
  pages        = {186--195},
  publisher    = {ACM},
  series       = {PLDI'15},
  title        = {{The Push/Pull Model of Transactions}},
  year         = {2015}
}

@article{Kung:1980:CMB:320613.320619,
  author       = {Kung, H. T. and Lehman, Philip L.},
  journal      = ACMDS,
  month        = sep,
  number       = {3},
  pages        = {354--382},
  title        = {{Concurrent Manipulation of Binary Search Trees}},
  volume       = {5},
  year         = {1980}
}

@inproceedings{turon2013,
  author       = {Turon, Aaron and Dreyer, Derek and Birkedal, Lars},
  title        = {{Unifying Refinement and Hoare-style Reasoning in a Logic for Higher-order Concurrency}},
  booktitle    = {Proceedings of The 18\textsuperscript{th}} #POPL,
  year         = {2013},
  series       = {ICFP'13},
  doi          = {10.1145/2500365.2500600},
  pages        = {377--390},
}


@article{Lamport:1978:TCO:359545.359563,
  author       = {Lamport, Leslie},
  journal      = ACMCOM,
  month        = jul,
  number       = {7},
  pages        = {558--565},
  title        = {{Time, Clocks, and the Ordering of Events in a Distributed System}},
  volume       = {21},
  year         = {1978}
}

@phdthesis{hurlin2009specification,
  title        = {{Specification and Verification of Multithreaded Object-oriented Programs with Separation Logic}},
  author       = {Hurlin, Cl{\'e}ment},
  year         = {2009},
  school       = {Universit{\'e} Nice Sophia Antipolis}
}

@article{Lamport:1982:BGP:357172.357176,
  author       = {Lamport, Leslie and Shostak, Robert and Pease, Marshall},
  journal      = {ACM Trans. Program. Lang. Syst.},
  month        = jul,
  number       = {3},
  pages        = {382--401},
  title        = {{The Byzantine Generals Problem}},
  volume       = {4},
  year         = {1982}
}

@article{Lea:2005:JSF:1127037.1127039,
  author       = {Lea, Doug},
  journal      = {Sci. Comput. Program.},
  month        = dec,
  number       = {3},
  pages        = {293--309},
  title        = {{The Java.Util.Concurrent Synchronizer Framework}},
  volume       = {58},
  year         = {2005}
}

@inproceedings{Hindsight,
  author       = {O'Hearn, Peter W. and Rinetzky, Noam and Vechev, Martin T. and Yahav, Eran and Yorsh, Greta},
  title        = {{Verifying Linearizability with Hindsight}},
  booktitle    = {Proceedings of the 29\textsuperscript{th}} # PODC,
  series       = {PODC'10},
  year         = {2010},
  pages        = {85--94},
  publisher    = {ACM},
  doi          = {10.1145/1835698.1835722}
}

@techreport{lea2004java,
  title        = {{Concurrency Utilities}},
  author       = {Lea, Doug and others},
  year         = {2004},
  number       = {JSR 166},
  publisher    = {Java Community Process}
}

@misc{skiplist-code-openjdk,
   author      = {OpenJDK},
   title       = {Skiplist Code},
   url         = {http://grepcode.com/file/repository.grepcode.com/java/root/jdk/openjdk/8u40-b25/java/util/concurrent/ConcurrentSkipListMap.java#ConcurrentSkipListMap}
}


@article{Liang:2013:MVL:2499370.2462189,
  author       = {Liang, Hongjin and Feng, Xinyu},
  journal      = SIGPNO,
  month        = jun,
  number       = {6},
  pages        = {459--470},
  title        = {{Modular Verification of Linearizability with Non-fixed Linearization Points}},
  volume       = {48},
  year         = {2013}
}

@inproceedings{cops,
  author       = {Lloyd, Wyatt and Freedman, Michael J. and Kaminsky, Michael and Andersen, David G.},
  booktitle    = {Proceedings of the 23\textsuperscript{rd}} # SOSP,
  pages        = {401--416},
  publisher    = {ACM},
  series       = {SOSP'11},
  title        = {{Don't Settle for Eventual: Scalable Causal Consistency for Wide-area Storage with COPS}},
  OTHERKEY     = {Lloyd:2011:DSE:2043556.2043593},
  year         = {2011}
}

@article{Maes:1987:CEC:38807.38821,
  author       = {Maes, Pattie},
  journal      = SIGPNO,
  month        = dec,
  number       = {12},
  pages        = {147--155},
  title        = {{Concepts and Experiments in Computational Reflection}},
  volume       = {22},
  year         = {1987}
}

@techreport{mahajan11cacTR,
  author       = {P. Mahajan and L. Alvisi and M. Dahlin},
  institution  = {Computer Science Department, University of Texas at Austin},
  month        = may,
  number       = {TR-11-22},
  title        = {{Consistency, Availability, Convergence}},
  year         = {2011}
}

@article{philippou2001process,
  title        = {{A Process-calculus Analysis of Concurrent Operations on B-trees}},
  author       = {Philippou, Anna and Walker, David},
  journal      = {Journal of Computer and System Sciences},
  volume       = {62},
  number       = {1},
  pages        = {73--122},
  year         = {2001}
}


@inproceedings{Mattern89virtualtime,
  author       = {Friedemann Mattern},
  booktitle    = {Proceedings of Workshop on Parallel and Distributed Algorithms},
  pages        = {215--226},
  publisher    = {North-Holland},
  title        = {{Virtual Time and Global States of Distributed Systems}},
  year         = {1989}
}

@article{Mellor-Crummey:1991:ASS:103727.103729,
  author       = {Mellor-Crummey, John M. and Scott, Michael L.},
  journal      = {ACM Trans. Comput. Syst.},
  month        = feb,
  number       = {1},
  pages        = {21--65},
  title        = {{Algorithms for Scalable Synchronization on Shared-memory Multiprocessors}},
  volume       = {9},
  year         = {1991}
}

@inproceedings{michael:1996:sfp:248052.248106,
  author       = {Michael, Maged M. and Scott, Michael L.},
  booktitle    = {Proceedings of the 15\textsuperscript{15}} # PODC,
  pages        = {267--275},
  publisher    = {ACM},
  series       = {PODC'96},
  title        = {{Simple, Fast, and Practical Non-blocking and Blocking Concurrent Queue Algorithms}},
  year         = {1996}
}

@inproceedings{michael:2002:hpd:564870.564881,
  author       = {Michael, Maged M.},
  booktitle    = {Proceedings of the 14\textsuperscript{th}} # SPAA,
  pages        = {73--82},
  publisher    = {ACM},
  series       = {SPAA'02},
  title        = {{High Performance Dynamic Lock-free Hash Tables and List-based Sets}},
  year         = {2002}
}

@article{mosberger:1993:mcm:160551.160553,
  author       = {Mosberger, David},
  journal      = {SIGOPS Oper. Syst. Rev.},
  month        = jan,
  number       = {1},
  pages        = {18--26},
  title        = {{Memory Consistency Models}},
  volume       = {27},
  year         = {1993}
}

@inproceedings{ynot,
  author       = {Aleksandar Nanevski and Greg Morrisett and Avi Shinnar and Paul Govereau and Lars Birkedal},
  booktitle    = {proceedings of the 13\textsuperscript{th}} # ICFP,
  title        = {{Ynot: Reasoning with the Awkward Squad}},
  year         = {2008}
}

@inbook{fcsl,
  author       = {Nanevski, Aleksandar and Ley-wild, Yuy and Sergey, Ilya and Delbianco, Germ\'{a}n Andr{\'e}s},
  title        = {{Communicating State Transition Systems for fine-grained concurrent resources}},
  booktitle    = {proceedings of the 23\textsuperscript{rd}} # ESOP,
  series       = LNCS,
  year         = {2014},
  pages        = {290--310},
  publisher    = {springer-verlag},
}
    
@inproceedings{ley2013subjective,
  title        = {{Subjective Auxiliary State for Coarse-grained Concurrency}},
  author       = {Ley-wild, Ruy and Nanevski, Aleksandar},
  booktitle    = {Proceedings of the 40\textsuperscript{th}} # POPL,
  volume       = {48},
  number       = {1},
  pages        = {561--574},
  year         = {2013}
}

@inproceedings{ohearn05challenges,
  author       = {O'Hearn, Peter W.},
  booktitle    = {Proceedings of the 1\textsuperscript{st}} # VSTTE,
  editor       = {Bertrand Meyer and Jim Woodcock},
  pages        = {116--133},
  publisher    = {Springer},
  series       = LNCS,
  title        = {{Scalable Specification and Reasoning: Challenges for Program Logic}},
  volume       = {4171},
  year         = {2005}
}

@inproceedings{jacobspopl2011,
  author       = {Jacobs, Bart and Piessens, Frank},
  title        = {{Expressive Modular Fine-grained Concurrency Specification}},
  booktitle    = {Proceedings of the 38\textsuperscript{th}} # POPL,
  year         = {2011},
  pages        = {271--282},
}

@article{ohearn:2007:rcl:1235896.1236121,
  author       = {O'Hearn, Peter W.},
  journal      = {Theor. Comput. Sci.},
  month        = apr,
  number       = {1-3},
  pages        = {271--307},
  title        = {{Resources, Concurrency, and Local Reasoning}},
  volume       = {375},
  year         = {2007}
}

@techreport{ucam-cl-tr-654,
  author       = {Parkinson, Matthew J.},
  title        = {{Local Reasoning for Java}},
  year         = {2005},
  institution  = {University of Cambridge, Computer Laboratory},
  number       = {UCAM-CL-TR-654}
}


@techreport{opac-b1015261,
  author       = {Treiber, R. Rent},
  institution  = {IBM us Research Centers (Yorktown, San Jose, Almaden, US)},
  number       = {RJ-5118},
  title        = {{Systems Programming: Coping with Parallelism}},
  year         = {1986}
}

@phdthesis{papadakis1993,
  author       = {Papadakis, Thomas},
  school       = {University of Waterloo, Canada},
  title        = {{Skip Lists and Probabilistic Analysis of Algorithm}},
  year         = {1993}
}

@inproceedings{parkinson:2005:sla:1040305.1040326,
  author       = {Parkinson, Matthew and Bierman, Gavin},
  booktitle    = {Proceedings of the 32\textsuperscript{nd}} # POPL,
  pages        = {247--258},
  publisher    = {ACM},
  series       = {POPL'05},
  title        = {{Separation Logic and Abstraction}},
  year         = {2005}
}

@article{parkinson:2007:mvn:1190215.1190261,
  author       = {Parkinson, Matthew and Bornat, Richard and O'Hearn, Peter},
  journal      = SIGPNO,
  month        = jan,
  number       = {1},
  pages        = {297--302},
  title        = {{Modular Verification of a Non-blocking Stack}},
  volume       = {42},
  year         = {2007}
}

@techreport{pugh90concurrentmaintenance,
  author       = {William Pugh},
  institution  = {Dept. of Computer Science, University of Maryland, College Park},
  title        = {{Concurrent Maintenance of Skip Lists}},
  year         = {1990}
}

@article{pugh:1990:slp:78973.78977,
  author       = {Pugh, William},
  journal      = ACMCOM,
  month        = jun,
  number       = {6},
  pages        = {668--676},
  title        = {{Skip Lists: a Probabilistic Alternative to Balanced Trees}},
  volume       = {33},
  year         = {1990}
}

@techreport{qadeer:2009:678567676,
  author       = {Shaz Gadeer and Ali Sezgin and Serdar Tasiran},
  institution  = {Microsoft Research},
  number       = {MSR-TR-2009-142},
  title        = {{Back and Forth: Prophecy Variables for Static Verification of Concurrent Programs}},
  year         = {2009}
}

@inproceedings{raad2015,
  author       = {Raad, Azalea and Villard, Jules and Gardner Philippa},
  booktitle    = {Proceedings of the 24\textsuperscript{th}} # ESOP,
  series       = LNCS,
  title        = {{CoLoSL: Concurrent Local Subjective Logic}},
  year         = {2015},
  doi          = {10.1007/978-3-662-46669-8_29}
}

@inproceedings{caper,
  author       = {Dinsdale{-}Young, Thomas and {da Rocha Pinto}, Pedro and {Just Andersen}, Kristoffer  and Birkedal, Lars},
  title        = {Caper: Automatic Verification for Fine-grained Concurrency},
  booktitle    = {Proceedings of 26\textsuperscript{th}} # ESOP,
  series       = LNCS,
  year         = {2017}
}

@inproceedings{xiong2017,
  author       = {Xiong, Shale and {da Rocha Pinto}, Pedro and Ntzik, Gian and Gardner, Philippa},
  title        = {{Abstract Specifications for Concurrent Maps}},
  booktitle    = {Proceedings of the 26\textsuperscript{th}} # ESOP,
  year         = {2017},
  editor       = {Yang, Hongseok},
  volume       = {10201},
  series       = LNCS,
  pages        = {964--990},
  month        = apr,
  publisher    = {Springer},
  doi          = {10.1007/978-3-662-54434-1_36},
}         

@phdthesis{ntzik2017reasoning,
  author       = {Ntzik, Gian},
  title        = {{Reasoning about POSIX File Systems}},
  school       = {Imperial College London},
  year         = {2017},
} 

@techreport{maps-tr,
  author       = {Xiong, Shale and {da Rocha Pinto}, Pedro and Ntzik, Gian and Gardner, Philippa},
  title        = {{Abstract Specifications for Concurrent Maps (Extended Version)}},
  institution  = {Department of Computing, Imperial College London},
  year         = {2017},
  number       = {2017/1},
  url          = {https://www.doc.ic.ac.uk/research/technicalreports/2017/\#1}
}
@inproceedings{framework-concur,
  author       = {Andrea Cerone and Giovanni Bernardi and Alexey Gotsman},
  title        = {{A Framework for Transactional Consistency Models with Atomic Visibility}},
  booktitle    = {Proceedings of the 26\textsuperscript{th}} # CONCUR,
  pages        = {58--71},
  series       = LIPICS,
  year         = {2015},
  volume       = {42},
  editor       = {Aceto , Luca and {de Frutos-Escrig} , David },
  publisher    = {Schloss Dagstuhl--Leibniz-Zentrum fuer Informatik},
  address      = {Dagstuhl, Germany},
  doi          = {10.4230/LIPIcs.CONCUR.2015.58},
  OTHERKEY     = {cerone_et_al:LIPIcs:2015:5375},
}

@inproceedings{tada,
  author       = {{da Rocha Pinto}, Pedro and Dinsdale{-}Young, Thomas and Gardner, Philippa},
  title        = {{TaDA: A Logic for Time and Data Abstraction}},
  booktitle    = {Proceedings of the 28\textsuperscript{th}} # ECOOP,
  year         = {2014},
  editor       = {Jones, Richard E.},
  volume       = {8586},
  series       = LNCS,
  pages        = {207--231},
  month        = jul,
  publisher    = {Springer},
}  

@inproceedings{reynolds00intuitionisticreasoning,
  author       = {Reynolds, John C.},
  booktitle    = {Millennial Perspectives in Computer Ccience},
  pages        = {303--321},
  publisher    = {Palgrave},
  title        = {{Intuitionistic Reasoning about Shared Mutable Data Structure}},
  year         = {2000}
}

@inproceedings{reynolds:2002:sll:645683.664578,
  author       = {Reynolds, John C.},
  booktitle    = {Proceedings of the 17\textsuperscript{th}} # LICS,
  pages        = {55--74},
  publisher    = {IEEE Computer Society},
  series       = {LICS'02},
  title        = {{Separation Logic: a Logic for Shared Mutable Data Structures}},
  year         = {2002},
}

@inproceedings{sagiv1985,
  author       = {Sagiv, Yehoshua},
  booktitle    = {Proceedings of the 4\textsuperscript{th}} # POPL,
  pages        = {28--37},
  publisher    = {ACM},
  series       = {PODS'85},
  title        = {{Concurrent Operations on B-trees with Overtaking}},
  year         = {1985}
}

@inproceedings{sergey:2015:mvf:2737924.2737964,
  author       = {Sergey, Ilya and Nanevski, Aleksandar and Banerjee, Anindya},
  booktitle    = {Proceedings of the 36\textsuperscript{th}} # PLDI,
  pages        = {77--87},
  publisher    = {ACM},
  series       = {PLDI'15},
  title        = {{Mechanized Verification of Fine-grained Concurrent Programs}},
  year         = {2015}
}

@inproceedings{shapiro:2011:crd:2050613.2050642,
  author       = {Shapiro, Marc and Pregui\c{c}a, Nuno and Baquero, Carlos and Zawirski, Marek},
  booktitle    = {Proceedings of the 13\textsuperscript{th} International Conference on Stabilization, Safety, and Security of Distributed Systems},
  pages        = {386--400},
  publisher    = {Springer-Verlag},
  series       = {SSS'11},
  title        = {{Conflict-free Replicated Data Types}},
  year         = {2011}
}

@misc{skiplist-code-openjdk,
  author       = {openJDK},
  url          = {http://grepcode.com/file/repository.grepcode.com/java/root/jdk/openjdk/8u40-b25/java/util/concurrent/concurrentskiplistmap.java#concurrentskiplistmap},
  title        = {{Kkiplist Code}}
}

@article{susan1976axiomatic,
  author       = {Owicki, Susan and Gries, David},
  journal      = {Dcta Informatica},
  month        = dec,
  number       = {4},
  pages        = {319--340},
  title        = {{An Axiomatic Proof Technique for Parallel Programs I}},
  volume       = {6},
  year         = {1976}
}

@phdthesis{pedro-thesis,
  title        = {{Reasoning with Time and Data Abstractions}},
  author       = {{da Rocha Pinto}, Pedro},
  year         = {2017},
  school       = {Imperial College London}
}

@inproceedings{svendsen2014,
  author       = {Svendsen, Kasper and Birkedal, Lars},
  title        = {{Impredicative Concurrent Abstract Predicates}},
  booktitle    = {Proceedings of the 23\textsuperscript{rd}} # ESOP,
  year         = {2014},
  pages        = {149--168},
  numpages     = {20},
  publisher    = {Springer-Verlag New York, inc.},
  address      = {Yew York, NY, USA},
  doi          = {10.1007/978-3-642-54833-8_9}
} 

@inproceedings{cise,
  author       = {Alexey Gotsman and Hongseok Yang and Carla Ferreira and Mahsa Najafzadeh and Marc Shapiro},
  booktitle    = {Proceedings of the 43\textsuperscript{rd}} # POPL,
  editor       = {Rastislav Bodik and Rupak Majumdar},
  pages        = {371--384},
  publisher    = {ACM},
  title        = {{'Cause I'm Strong Enough: Reasoning about Consistency Choices in Distributed Systems}},
  year         = {2016},
  OTHERKEY     = {syn:app:sh179}
}

@techreport{syn:sh180,
  author       = {Marek Zawirski and Carlos Baquero and Annette Bieniusa and Nuno Pregui{\c c}a and Marc Shapiro},
  institution  = {\url{arxiv.org}},
  month        = nov,
  number       = {arxiv:1511.05010 [cs.dc]},
  title        = {{Eventually Consistent Register Revisited}},
  year         = {2015}
}

@article{tutorial,
  author       = {Pedro da Rocha Pinto and Thomas Dinsdale{-}young and Philippa Gardner},
  journal      = ELNOCS,
  pages        = {3--18},
  title        = {{Steps in Modular Specifications for Concurrent Modules (Invited Tutorial Paper)}},
  volume       = {319},
  year         = {2015}
}

@inproceedings{vafeiadis07amarriage,
  author       = {Vafeiadis, Viktor and Parkinson, Matthew},
  booktitle    = {Proceedings of the 18\textsuperscript{th}} # CONCUR,
  pages        = {256--271},
  publisher    = {springer-verlag},
  series       = {CONCUR'07},
  title        = {{A Marriage of Rely/guarantee and Separation Logic}},
  year         = {2007},
  doi          = {10.1007/978-3-540-74407-8_18},
}


@article{vogels:2009:ec:1435417.1435432,
  author       = {Vogels, Werner},
  journal      = ACMCOM,
  month        = jan,
  number       = {1},
  pages        = {40--44},
  title        = {{Eventually Consistent}},
  volume       = {52},
  year         = {2009}
}

@misc{cassandra,
  author       = {{Apache Cassandra}},
  url          = {http://cassandra.apache.org},
  title        = {{Apache Cassandra}}
}

@inproceedings{clocksi,
 author        = {Du, Jiaqing and Elnikety, Sameh and Zwaenepoel, Willy},
 title         = {{Clock-SI: Snapshot Isolation for Partitioned Data Stores Using Loosely Synchronized Clocks}},
 booktitle     = {Proceedings of the 32\textsuperscript{nd}} # SRDS,
 series        = {SRDS'13},
 year          = {2013},
 isbn          = {978-0-7695-5115-9},
 pages         = {173--184},
 numpages      = {12},
 url           = {https://doi.org/10.1109/SRDS.2013.26},
 doi           = {10.1109/SRDS.2013.26},
 acmid         = {2553434},
 publisher     = IEEECS,
 address       = {Washington, DC, USA},
 OTHERKEY      = {Du:2013:CSI:2553409.2553434}
} 

@online{rubis,
  title        = {{The RUBiS benchmark}},
  year         = 2008,
  key          = {RUBIS},
  howpublished = {\url{https://rubis.ow2.org/index.html}},
  lastaccessed = {March, 2019}
}



@InProceedings{PSI-RA,
author         = {Raad, Azalea and Lahav, Ori and Vafeiadis, Viktor},
editor         = {Ahmed, Amal},
title          = {{On Parallel Snapshot Isolation and Release/Acquire Consistency}},
booktitle      = {Proceedings of the 27\textsuperscript{th}} # ESOP,
year           = {2018},
publisher      = LNCS,
address        = {Cham},
pages          = {940--967},
isbn           = {978-3-319-89884-1}
}

@InProceedings{SI-RA,
author="Raad, Azalea
and Lahav, Ori
and Vafeiadis, Viktor",
editor="Enea, Constantin
and Piskac, Ruzica",
title="On the Semantics of Snapshot Isolation",
booktitle="Verification, Model Checking, and Abstract Interpretation",
year="2019",
publisher="Springer International Publishing",
address="Cham",
pages="1--23"
}



@inproceedings {eiger,
author         = {Wyatt Lloyd and Michael J. Freedman and Michael Kaminsky and David G. Andersen},
title          = {{Stronger Semantics for Low-Latency Geo-Replicated Storage}},
booktitle      = {Presented as part of the 10\textsuperscript{th}} # NSDI,
year           = {2013},
isbn           = {978-1-931971-00-3},
address        = {Lombard, IL},
pages          = {313--328},
url            = {https://www.usenix.org/conference/nsdi13/technical-sessions/presentation/lloyd},
publisher      = {{USENIX}},
}

@online{tpcc,
  title        = {{The TPC-C benchmark}},
  year         = 1992,
  key          = {TPCC},
  howpublished = {\url{http://www.tpc.org/tpcc/}},
  lastaccessed = {March, 2019}
}


@phdthesis{adya,
 author        = {Atul Adya},
 title         = {{Weak Consistency: A Generalized Theory and Optimistic Implementations for Distributed Transactions}},
 school        = {Massachusetts Institute of Technology},
 year          = {1999},
 address       = {Cambridge, MA, USA}
} 

@inproceedings{ramp,
 author        = {Peter Bailis and Alan Fekete and Ali Ghodsi and Joseph M. Hellerstein and Ion Stoica},
 title         = {{Scalable Atomic Visibility with RAMP Transactions}},
 booktitle     = {Proceedings of the 2014} # SIGMOD,
 pages         = {27-38},
 year          = {2014}
}

@inproceedings{gdur,
 author        = {Ardekani, Masoud Saeida and Sutra, Pierre and Shapiro, Marc},
 title         = {{G-DUR: A Middleware for Assembling, Analyzing, and Improving Transactional Protocols}},
 booktitle     = {Proceedings of the 15\textsuperscript{th} International Middleware Conference},
 series        = {Middleware'14},
 year          = {2014},
 isbn          = {978-1-4503-2785-5},
 location      = {Bordeaux, France},
 pages         = {13--24},
 doi           = {10.1145/2663165.2663336},
 publisher     = {ACM},
 address       = {New York, NY, USA},
} 


@inproceedings{giovanni_concur16,
  author       = {Giovanni Bernardi and Alexey Gotsman},
  title        = {{Robustness against Consistency Models with Atomic Visibility}},
  booktitle    = {Proceedings of the 27\textsuperscript{th}} # CONCUR,
  pages        = {7:1--7:15},
  year         = {2016},
  doi          = {10.4230/LIPIcs.CONCUR.2016.7},
}


@article{distrsi,
 author        = {Binnig, Carsten and Hildenbrand, Stefan and F\"{a}rber, Franz and Kossmann, Donald and Lee, Juchang and May, Norman},
 title         = {{Distributed Snapshot Isolation: Global Transactions Pay Globally, Local Transactions Pay Locally}},
 journal       = {The VLDB Journal},
 issue_date    = {December  2014},
 volume        = {23},
 number        = {6},
 month         = dec,
 year          = {2014},
 issn          = {1066-8888},
 pages         = {987--1011},
 numpages      = {25},
 doi           = {10.1007/s00778-014-0359-9},
 publisher     = {Springer-Verlag New York, Inc.},
 address       = {Secaucus, NJ, USA},
} 

@INPROCEEDINGS{session2causal, 
author         = {Jerzy Brzezi{\'{n}}ski and Cezary Sobaniec and Dariusz Wawrzyniak},
booktitle      = {Proceedings of the 12\textsuperscript{th}} # PDP,
title          = {{From Session Causality to Causal Consistency}},
year           = {2004},
volume         = {},
number         = {},
pages          = {152-158},
doi            = {10.1109/EMPDP.2004.1271440},
ISSN           = {1066-6192},
month          = feb
}

@inproceedings{psi-chopping,
 author        = {Andrea Cerone and Alexey Gotsman and Hongseok Yang},
 title         = {{Transaction Chopping for Parallel Snapshot Isolation}},
 booktitle     = {Proceedings of the 29\textsuperscript{th}} # DISC,
 pages         = {388-404},
 year          = {2015}
}

@inproceedings{seebelieve,
 author        = {Crooks, Natacha and Pu, Youer and Alvisi, Lorenzo and Clement, Allen},
 title         = {{Seeing is Believing: A Client-Centric Specification of Database Isolation}},
 booktitle     = {Proceedings of the 2017} # PODC,
 series        = {PODC'17},
 year          = {2017},
 isbn          = {978-1-4503-4992-5},
 location      = {Washington, DC, USA},
 pages         = {73--82},
 doi           = {10.1145/3087801.3087802},
 publisher     = {ACM},
 address       = {New York, NY, USA},
} 

@article{alonetogether,
 author        = {Kaki, Gowtham and Nagar, Kartik and Najafzadeh, Mahsa and Jagannathan, Suresh},
 title         = {{Alone Together: Compositional Reasoning and Inference for Weak Isolation}},
 journal       = PACMPL,
 issue_date    = {January 2018},
 volume        = {2},
 number        = {POPL},
 month         = dec,
 year          = {2017},
 issn          = {2475-1421},
 pages         = {27:1--27:34},
 articleno     = {27},
 numpages      = {34},
 url           = {http://doi.acm.org/10.1145/3158115},
 doi           = {10.1145/3158115},
 acmid         = {3158115},
 publisher     = {ACM},
 address       = {New York, NY, USA},
 keywords      = {Concurrency, Rely-Guarantee, Transactions, Verification, Weak Isolation},
}

@InProceedings{dias-tm,
author="Dias, Ricardo J.
and Distefano, Dino
and Seco, Jo{\~a}o Costa
and Louren{\c{c}}o, Jo{\~a}o M.",
editor="Noble, James",
title="Verification of Snapshot Isolation in Transactional Memory Java Programs",
booktitle="ECOOP 2012 -- Object-Oriented Programming",
year="2012",
publisher="Springer Berlin Heidelberg",
address="Berlin, Heidelberg",
pages="640--664",
abstract="This paper presents an automatic verification technique for transactional memory Java programs executing under snapshot isolation level. We certify which transactions in a program are safe to execute under snapshot isolation without triggering the write-skew anomaly, opening the way to run-time optimizations that may lead to considerable performance enhancements.",
isbn="978-3-642-31057-7"
}

@inproceedings{promises,
 author        = {Kang, Jeehoon and Hur, Chung-Kil and Lahav, Ori and Vafeiadis, Viktor and Dreyer, Derek},
 title         = {{A Promising Semantics for Relaxed-memory Concurrency}},
 booktitle     = {Proceedings of the 44\textsuperscript{th}} # POPL,
 series        = {POPL'17},
 year          = {2017},
 isbn          = {978-1-4503-4660-3},
 location      = {Paris, France},
 pages         = {175--189},
 numpages      = {15},
 url           = {http://doi.acm.org/10.1145/3009837.3009850},
 doi           = {10.1145/3009837.3009850},
 acmid         = {3009850},
 publisher     = {ACM},
 address       = {New York, NY, USA},
 keywords      = {C++11, Weak memory models, operational semantics},
} 

@inproceedings {redblue,
author         = {Cheng Li and Daniel Porto and Allen Clement and Johannes Gehrke and Nuno Pregui{\c c}a and Rodrigo Rodrigues},
title          = {Making Geo-Replicated Systems Fast as Possible, Consistent when Necessary},
booktitle      = {Proceedings of the 10\textsuperscript{th}} # OSDI,
year           = {2012},
pages          = {265--278}
}

@InProceedings{rola,
author         = {Liu, Si and {\"O}lveczky, Peter Csaba and Santhanam, Keshav and Wang, Qi and Gupta, Indranil and Meseguer, Jos{\'e}},
editor         = {Russo, Alessandra and Sch{\"u}rr, Andy},
title          = {{ROLA: A New Distributed Transaction Protocol and Its Formal Analysis}},
booktitle      = {Fundamental Approaches to Software Engineering},
year           = {2018},
publisher      = {Springer},
address        = {Cham},
pages          = {77--93}
}

@inproceedings{sureshConcur,
  author       = {Kartik Nagar and Suresh Jagannathan},
  title        = {{Automated Detection of Serializability Violations Under Weak Consistency}},
  booktitle    = {Proceedings of the 29\textsuperscript{th}} # CONCUR,
  pages        = {41:1--41:18},
  year         = {2018},
  url          = {https://doi.org/10.4230/LIPIcs.CONCUR.2018.41},
  doi          = {10.4230/LIPIcs.CONCUR.2018.41},
}

@inproceedings{NMSI,
  author       = {M. {Saeida Ardekani} and P. Sutra and M. Shapiro},
  title        = {{Non-monotonic Snapshot Isolation: Scalable and Strong Consistency for Geo-replicated Transactional Systems}},
  booktitle    = {Proceedings of the 32\textsuperscript{nd}} # SRDS,
  pages        = {163-172},
  year         = {2013}
}

@article{chopping,
 author        = {Shasha, Dennis and Llirbat, Francois and Simon, Eric and Valduriez, Patrick},
 title         = {{Transaction Chopping: Algorithms and Performance Studies}},
 journal       = ACMDS,
 issue_date    = {Sept. 1995},
 volume        = {20},
 number        = {3},
 month         = sep,
 year          = {1995},
 issn          = {0362-5915},
 pages         = {325--363},
 numpages      = {39},
 url           = {http://doi.acm.org/10.1145/211414.211427},
 doi           = {10.1145/211414.211427},
 acmid         = {211427},
 publisher     = {ACM},
 address       = {New York, NY, USA},
 keywords      = {locking, multidatabase, serializability, tuning},
}

@inproceedings{PSI,
 author        = {Sovran, Yair and Power, Russell and Aguilera, Marcos K. and Li, Jinyang},
 title         = {{Transactional Storage for Geo-replicated Systems}},
 booktitle     = {Proceedings of the 23\textsuperscript{rd}} # SOSP,
 series        = {SOSP'11},
 year          = {2011},
 isbn          = {978-1-4503-0977-6},
 location      = {Cascais, Portugal},
 pages         = {385--400},
 numpages      = {16},
 url           = {http://doi.acm.org/10.1145/2043556.2043592},
 doi           = {10.1145/2043556.2043592},
 acmid         = {2043592},
 publisher     = {ACM},
 address       = {New York, NY, USA},
}

@inproceedings{wren,
  author       = {Kristina Spirovska and Diego Didona and Willy Zwaenepoel},
  title        = {{Wren: Nonblocking Reads in a Partitioned Transactional Causally Consistent Data Store}},
  booktitle    = {Proceedings of the 48\textsuperscript{th} Annual {IEEE/IFIP} International Conference on Dependable Systems and Networks},
  series       = {DSN'18},
  pages        = {1--12},
  year         = {2018},
  url          = {https://doi.org/10.1109/DSN.2018.00014},
  doi          = {10.1109/DSN.2018.00014},
  timestamp    = {Mon, 30 Jul 2018 15:53:29 +0200},
  biburl       = {https://dblp.org/rec/bib/conf/dsn/SpirovskaDZ18},
  bibsource    = {dblp computer science bibliography, https://dblp.org}
}

@book{distrprinciples,
 author        = {Tanenbaum, Andrew S. and Steen, Maarten van},
 title         = {{Distributed Systems: Principles and Paradigms (2nd Edition)}},
 year          = {2006},
 isbn          = {0132392275},
 publisher     = {Prentice-Hall, Inc.},
 address       = {Upper Saddle River, NJ, USA}
} 


@inproceedings{repliss,
 author        = {Zeller, Peter},
 title         = {Testing Properties of Weakly Consistent Programs with Repliss},
 booktitle     = {Proceedings of the 3\textsuperscript{rd} International Workshop on Principles and Practice of Consistency for Distributed Data},
 series        = {PaPoC'17},
 year          = {2017},
 isbn          = {978-1-4503-4933-8},
 location      = {Belgrade, Serbia},
 pages         = {3:1--3:5},
 articleno     = {3},
 numpages      = {5},
 url           = {http://doi.acm.org/10.1145/3064889.3064893},
 doi           = {10.1145/3064889.3064893},
 acmid         = {3064893},
 publisher     = {ACM},
 address       = {New York, NY, USA},
 keywords      = {Property-based Testing, Weak Consistency}
} 


@inproceedings{surech-session-guarantee,
 author = {Sivaramakrishnan, KC and Kaki, Gowtham and Jagannathan, Suresh},
 title = {Declarative Programming over Eventually Consistent Data Stores},
 booktitle = {Proceedings of the 36\textsuperscript{th}} # PLDI,
 series = {PLDI '15},
 year = {2015},
 isbn = {978-1-4503-3468-6},
 location = {Portland, OR, USA},
 pages = {413--424},
 numpages = {12},
 url = {http://doi.acm.org/10.1145/2737924.2737981},
 doi = {10.1145/2737924.2737981},
 acmid = {2737981},
 publisher = {ACM},
 address = {New York, NY, USA},
 keywords = {Availability, Axiomatic Contracts, CRDTs, Cassandra, Contract Classification, Decidable Logic, Distributed Transactions, Eventual Consistency, Haskell, Quelea, SMT solvers}
} 

@article{principle-eventual-consistency,
 author = {Burckhardt, Sebastian},
 title = {Principles of Eventual Consistency},
 journal = {Found. Trends Program. Lang.},
 issue_date = {October 2014},
 volume = {1},
 number = {1-2},
 month = oct,
 year = {2014},
 issn = {2325-1107},
 pages = {1--150},
 numpages = {150},
 url = {http://dx.doi.org/10.1561/2500000011},
 doi = {10.1561/2500000011},
 acmid = {2693642},
 publisher = {Now Publishers Inc.},
 address = {Hanover, MA, USA}
} 

@inproceedings{bank-example-wsi, 
author={M. {Alomari} and M. {Cahill} and A. {Fekete} and U. {Rohm}}, 
booktitle={2008 IEEE 24th International Conference on Data Engineering}, 
title={The Cost of Serializability on Platforms That Use Snapshot Isolation}, 
year={2008}, 
volume={}, 
number={}, 
pages={576-585}, 
keywords={concurrency control;database management systems;snapshot isolation;multiversion concurrency control mechanism;nonserializable executions;Costs;Concurrency control;Engines;Throughput;Proposals;Guidelines;Imaging phantoms;Information technology;Australia;Transaction databases}, 
doi={10.1109/ICDE.2008.4497466}, 
ISSN={1063-6382}, 
month=apr
}

@article{snapshot-isolation-robust-tool,
  author    = {Sidi Mohamed Beillahi and
               Ahmed Bouajjani and
               Constantin Enea},
  title     = {Checking Robustness Against Snapshot Isolation},
  journal   = {CoRR},
  volume    = {abs/1905.08406},
  year      = {2019},
  url       = {http://arxiv.org/abs/1905.08406},
  archivePrefix = {arXiv},
  eprint    = {1905.08406},
  timestamp = {Tue, 28 May 2019 12:48:08 +0200},
  biburl    = {https://dblp.org/rec/bib/journals/corr/abs-1905-08406},
  bibsource = {dblp computer science bibliography, https://dblp.org}
}

@article{Lipton-reduction,
 author = {Lipton, Richard J.},
 title = {Reduction: A Method of Proving Properties of Parallel Programs},
 journal = {Commun. ACM},
 issue_date = {Dec. 1975},
 volume = {18},
 number = {12},
 month = dec,
 year = {1975},
 issn = {0001-0782},
 pages = {717--721},
 numpages = {5},
 url = {http://doi.acm.org/10.1145/361227.361234},
 doi = {10.1145/361227.361234},
 acmid = {361234},
 publisher = {ACM},
 address = {New York, NY, USA},
 keywords = {computation sequence, deadlock free, indivisible, interruptible, parallel program, process, reduction, semaphore, verification method},
} 

@inproceedings{op-semantics-c11-rar,
 author = {Doherty, Simon and Dongol, Brijesh and Wehrheim, Heike and Derrick, John},
 title = {Verifying C11 Programs Operationally},
 booktitle = {Proceedings of the 24th Symposium on Principles and Practice of Parallel Programming},
 series = {PPoPP '19},
 year = {2019},
 isbn = {978-1-4503-6225-2},
 location = {Washington, District of Columbia},
 pages = {355--365},
 numpages = {11},
 url = {http://doi.acm.org/10.1145/3293883.3295702},
 doi = {10.1145/3293883.3295702},
 acmid = {3295702},
 publisher = {ACM},
 address = {New York, NY, USA},
 keywords = {C11, operational semantics, soundness and completeness, verification},
} 


@inproceedings{log-based-op,
 author = {Koskinen, Eric and Parkinson, Matthew and Herlihy, Maurice},
 title = {Coarse-grained Transactions},
 booktitle = {Proceedings of the 37th Annual ACM SIGPLAN-SIGACT Symposium on Principles of Programming Languages},
 series = {POPL '10},
 year = {2010},
 isbn = {978-1-60558-479-9},
 location = {Madrid, Spain},
 pages = {19--30},
 numpages = {12},
 url = {http://doi.acm.org/10.1145/1706299.1706304},
 doi = {10.1145/1706299.1706304},
 acmid = {1706304},
 publisher = {ACM},
 address = {New York, NY, USA},
 keywords = {abstract data-types, coarse-grained transactions, commutativity, movers, transactional boosting, transactional memory},
}

@inproceedings{bayou,
 author = {Petersen, Karin and Spreitzer, Mike J. and Terry, Douglas B. and Theimer, Marvin M. and Demers, Alan J.},
 title = {Flexible Update Propagation for Weakly Consistent Replication},
 booktitle = {Proceedings of the Sixteenth ACM Symposium on Operating Systems Principles},
 series = {SOSP '97},
 year = {1997},
 isbn = {0-89791-916-5},
 location = {Saint Malo, France},
 pages = {288--301},
 numpages = {14},
 url = {http://doi.acm.org/10.1145/268998.266711},
 doi = {10.1145/268998.266711},
 acmid = {266711},
 publisher = {ACM},
 address = {New York, NY, USA},
} 

@article{CORFU,
 author = {Balakrishnan, Mahesh and Malkhi, Dahlia and Davis, John D. and Prabhakaran, Vijayan and Wei, Michael and Wobber, Ted},
 title = {CORFU: A Distributed Shared Log},
 journal = {ACM Trans. Comput. Syst.},
 issue_date = {December 2013},
 volume = {31},
 number = {4},
 month = dec,
 year = {2013},
 issn = {0734-2071},
 pages = {10:1--10:24},
 articleno = {10},
 numpages = {24},
 url = {http://doi.acm.org/10.1145/2535930},
 doi = {10.1145/2535930},
 acmid = {2535930},
 publisher = {ACM},
 address = {New York, NY, USA},
} 


@inproceedings{tango,
 author = {Balakrishnan, Mahesh and Malkhi, Dahlia and Wobber, Ted and Wu, Ming and Prabhakaran, Vijayan and Wei, Michael and Davis, John D. and Rao, Sriram and Zou, Tao and Zuck, Aviad},
 title = {Tango: Distributed Data Structures over a Shared Log},
 booktitle = {Proceedings of the Twenty-Fourth ACM Symposium on Operating Systems Principles},
 series = {SOSP '13},
 year = {2013},
 isbn = {978-1-4503-2388-8},
 location = {Farminton, Pennsylvania},
 pages = {325--340},
 numpages = {16},
 url = {http://doi.acm.org/10.1145/2517349.2522732},
 doi = {10.1145/2517349.2522732},
 acmid = {2522732},
 publisher = {ACM},
 address = {New York, NY, USA},
} 

@inproceedings{causal-def,
  author       = {Shapiro, Marc and Pregui\c{c}a, Nuno and Baquero, Carlos and Zawirski, Marek},
  booktitle    = {Proceedings of the 13\textsuperscript{th} International Conference on Stabilization, Safety, and Security of Distributed Systems},
  pages        = {386--400},
  publisher    = {Springer-Verlag},
  series       = {SSS'11},
  title        = {{Conflict-free Replicated Data Types}},
  year         = {2011}
}

@article{Papadimitriou-ser,
 author = {Papadimitriou, Christos H.},
 title = {The Serializability of Concurrent Database Updates},
 journal = {J. ACM},
 issue_date = {Oct. 1979},
 volume = {26},
 number = {4},
 month = oct,
 year = {1979},
 issn = {0004-5411},
 pages = {631--653},
 numpages = {23},
 url = {http://doi.acm.org/10.1145/322154.322158},
 doi = {10.1145/322154.322158},
 acmid = {322158},
 publisher = {ACM},
 address = {New York, NY, USA},
} 

@inproceedings{cp-def,
  author    = {Sebastian Burckhardt and
               Daan Leijen and
               Jonathan Protzenko and
               Manuel F{\"{a}}hndrich},
  title     = {Global Sequence Protocol: {A} Robust Abstraction for Replicated Shared
               State},
  booktitle = {29th European Conference on Object-Oriented Programming, {ECOOP} 2015,
               July 5-10, 2015, Prague, Czech Republic},
  pages     = {568--590},
  year      = {2015},
  url       = {https://doi.org/10.4230/LIPIcs.ECOOP.2015.568},
  doi       = {10.4230/LIPIcs.ECOOP.2015.568},
  timestamp = {Thu, 02 May 2019 17:40:11 +0200},
  biburl    = {https://dblp.org/rec/bib/conf/ecoop/BurckhardtLPF15},
  bibsource = {dblp computer science bibliography, https://dblp.org}
}

@inproceedings{DBLP:conf/pldi/ChongSW18,
  author    = {Nathan Chong and
               Tyler Sorensen and
               John Wickerson},
  title     = {The semantics of transactions and weak memory in x86, Power, ARM,
               and {C++}},
  booktitle = {Proceedings of the 39th {ACM} {SIGPLAN} Conference on Programming
               Language Design and Implementation, {PLDI} 2018, Philadelphia, PA,
               USA, June 18-22, 2018},
  pages     = {211--225},
  year      = {2018},
  crossref  = {DBLP:conf/pldi/2018},
  url       = {https://doi.org/10.1145/3192366.3192373},
  doi       = {10.1145/3192366.3192373},
  timestamp = {Fri, 27 Dec 2019 21:21:30 +0100},
  biburl    = {https://dblp.org/rec/bib/conf/pldi/ChongSW18},
  bibsource = {dblp computer science bibliography, https://dblp.org}
}

@proceedings{DBLP:conf/pldi/2018,
  editor    = {Jeffrey S. Foster and
               Dan Grossman},
  title     = {Proceedings of the 39th {ACM} {SIGPLAN} Conference on Programming
               Language Design and Implementation, {PLDI} 2018, Philadelphia, PA,
               USA, June 18-22, 2018},
  publisher = {{ACM}},
  year      = {2018},
  url       = {https://doi.org/10.1145/3192366},
  doi       = {10.1145/3192366},
  timestamp = {Wed, 21 Nov 2018 12:44:27 +0100},
  biburl    = {https://dblp.org/rec/bib/conf/pldi/2018},
  bibsource = {dblp computer science bibliography, https://dblp.org}
}

@phdthesis{shale-phd,
    author = {Shale Xiong},
    title = {Parametric Operational Semantics for Consistency Models},
    month = apr,
    year  = {2021},
    school = {Imperial College London},
    url = {http://www.shalexiong.com/thesis.pdf}
}

@inproceedings{lazy-si,
    author = {Daudjee, Khuzaima and Salem, Kenneth},
    title = {Lazy Database Replication with Snapshot Isolation},
    year = {2006},
    publisher = {VLDB Endowment},
    booktitle = {Proceedings of the 32nd International Conference on Very Large Data Bases},
    pages = {715–726},
    numpages = {12},
    location = {Seoul, Korea},
    series = {VLDB ’06}
}
  

@inproceedings{geo-si,
    author = {Elnikety, Sameh and Zwaenepoel, Willy and Pedone, Fernando},
    title = {Database Replication Using Generalized Snapshot Isolation},
    year = {2005},
    isbn = {076952463X},
    publisher = {IEEE Computer Society},
    address = {USA},
    url = {https://doi.org/10.1109/RELDIS.2005.14},
    doi = {10.1109/RELDIS.2005.14},
    booktitle = {Proceedings of the 24th IEEE Symposium on Reliable Distributed Systems},
    pages = {73–84},
    numpages = {12},
    series = {SRDS ’05}
}
  
@article{kaki-oopsla,
author = {Kaki, Gowtham and Earanky, Kapil and Sivaramakrishnan, KC and Jagannathan, Suresh},
title = {Safe Replication through Bounded Concurrency Verification},
year = {2018},
issue_date = {November 2018},
publisher = {Association for Computing Machinery},
address = {New York, NY, USA},
volume = {2},
number = {OOPSLA},
url = {https://doi.org/10.1145/3276534},
doi = {10.1145/3276534},
journal = {Proc. ACM Program. Lang.},
month = oct,
articleno = {164},
numpages = {27},
keywords = {Model Checking, Replication, Weak Consistency, CRDTs, Concurrency}
}
  

